@string{tacas = "{TACAS}"}
@string{acm = "{ACM}"}
@string{esop = "European Symp. On Programming"}
@string{compintell = "Comp. Intell."}
@string{lics = "Symp. on Logic in Comp. Sci."}
@string{popl = "Symp. on Princ. of Prog. Lang."}
@string{sigmod = "Symp. on Princ. of Database Syst."}
@string{jacm = "J. ACM"}
@string{lncs = "Lec. Notes in Comp. Sci."}
@string{zml = "Z. Math. Logik"}
@string{jp = "J. Phil"}
@string{lms = "Proc. London Math. Soc"}
@string{pldi = "SIGPLAN Conf. on Prog. Lang. Design and Impl."}
@ARTICLE {Turing,
          AUTHOR = "A.M. Turing",
          TITLE = "On Computable Numbers, With an Application to the Entscheidungsproblem",
          JOURNAL = lms,
          VOLUME = "2",
          YEAR = 1936,
          PAGES = "230-265"}
@ARTICLE {kn:Fagin75,
          AUTHOR = "R. Fagin",
          TITLE = "Monadic Generalized Spectra",
          JOURNAL = zml,
          VOLUME = "21",
          YEAR = 1975,
          PAGES = "89--96"}
@ARTICLE {kn:Gins88,
          AUTHOR = "M.L. Ginsberg",
          TITLE = "Multivalued Logics: {A} Uniform Approach to Inference
                   in Artificial Intelligence",
          JOURNAL = compintell,
          VOLUME = "4",
          YEAR = 1988,
          PAGES = "265--316"}
@Manual {kn:Coral,
    Title= "The Coral pre-Release 1.0 Software System",
    Author="R. Ramakrishna and P. Seshadri and D. Srivastava and S. Sudarshan",
    Year = "1993",
    Note= "Available via anonymous ftp from ftp.cs.wisc.edu"}
@Manual{kn:LEDA,
    Title = "The LDEA User Manual",
    Author = "S. N{\"{a}}hr",
    Year = "1995",
    Note= "Available via anonymous ftp from ftp.mpi-sb.mpg.de"}
@Article {kn:MN95,
    Title = "{LDEA}: {A} Platform for Combinatorial and Geometric
    Computing",
    Author = "K. Melhorn and S. {N\"{a}hr}",
    Year = "1995",
    Journal= cacm,
    Volume = 38,
    Number = 1,
    Pages ="96--102"}
@Article {kn:ore,
        Author = "O. Ore",
        Title ="Galois Connexions",
        Journal = "Transactions American Mathematical Society",
        Volume = 55,
        Year = 1944,
        Pages ="493--513"}
@Article {kn:pickert,
        Author = "G. Pickert",
        Title ="Bemerkungen {\"{u}ber} Galois-Verbindungen",
        Journal = "Archive Mathematics",
        Volume = 3,
        Year = 1952,
        Pages ="285--289"}
@Article {kn:raney,
        Author = "G.N. Raney",
        Title ="Tight Galois Connections and Complete Distributivity",
        Journal = "Transactions American Mathematical Society",
        Volume = 97,
        Year = 1960,
        Pages ="418--426"}
@INPROCEEDINGS {Nelson,
        Author ="G. Nelson",
        Title ="Verifying Reachability Invariants of Linked Structures",
        BOOKTITLE = "POPL",
        Year = 1983,
}
        PAGES ="38--47"


@INPROCEEDINGS {Kolaitis,
        Author ="Ph. Kolaitis",
        Title ="Implicit Definability on Finite Structures and
                  Unambiguous Computations",
        BOOKTITLE = lics,
        Year = 1990,
        PAGES ="168--180"}
@INPROCEEDINGS {kn:MSS85,
        Author ="A. Melton and D.A. Schmidt and G.E. Strecker",
        Title ="Galois Connections and Computer Science Applications",
        BOOKTITLE = "LNCS~240, Category Theory and Computer Programming ",
        Year = 1985,
        PAGES ="299--312"}
@ARTICLE {kn:SY86,
          AUTHOR = "R.E. Strom and S.A. Yemini",
          TITLE = "{T}ypestate: {A} Programming Language Concept
          for Enhancing Software Reliability",
          JOURNAL = ieeese,
          VOLUME = "SE-12",
          NUMBER = 1,
          YEAR = 1986,
          PAGES = "157--171"}
@MANUAL{kn:nil,
        KEY = "NIL3",
        TITLE = "NIL3 Reference Manual",
        ORGANIZATION = "IBM T.J. Waston Research Center",
        YEAR = 1987                                     }
@BOOK {kn:kleene,
        AUTHOR = "S.C. Kleene",
        TITLE = "Introduction to Metamathematics",
        PUBLISHER = "North-Holland",
        Edition = "Second",
        YEAR = 1987                             }
@BOOK {kn:llo,
        AUTHOR = "J.W. Lloyd",
        TITLE = "Foundations of Logic Programming",
        PUBLISHER = "Springer-Verlag",
        YEAR = 1952                             }
@Inproceedings {Avron,
        Author ="A. Avron",
        Title ="Transitive Closure and the Mechanization of Mathematics",
        Booktitle= "Thirty Five Years of Automating Mathematics",
        Year = 2003,
        Publisher = "Kluwer Academic Publishers",
        Pages ="149--171"}
@Inproceedings {kn:schaetz,
        Author ="R. {Sch\"{a}tz}",
        Title ="Delete Operations and Horn Formulas",
        Booktitle= "LNCS~385, 2nd Workshop on Computer Science Logic",
        Year = 1988,
        Publisher = "Springer-Verlag",
        Pages ="329--343"}
@Inproceedings {kn:FUV83,
        Author ="R. Fagin and J.D. Ullman and M.Y. Vardi",
        Title ="On the Semantics of Updates in Databases",
        Booktitle= sigmod,
        Year = 1983,
        Pages ="352--365"}
@Article {kn:FUKV86,
        Author ="R. Fagin and J.D. Ullman and G.M. Kuper
        and M.Y. Vardi",
        Title ="Updating Logical Databases",
        Journal = "Advances in Computing Research",
        Volume = 3,
        Year = 1986,
        Pages ="1--18"}
@Article {kn:winslett,
        Author ="M. Winslett",
        Title ="A Model-Based Approach to Updating Databases
        with Incomplete Information",
        Journal = tods,
        Volume = 3,
        Number = 2,
        Year = 1988,
        Pages ="167--196"}
@BOOK{BGG,
        AUTHOR = {E. B\"orger and E. Gr\"adel and Y. Gurevich},
        TITLE = "The Classical Decision Problem",
        PUBLISHER = {Springer-Verlag},
        YEAR = 1996
}
@INCOLLECTION{E,
        AUTHOR = "A. Emerson",
        TITLE = "Modal and Temporal Logics",
        BOOKTITLE = "Handbook of Theoretical Computer Science, Volume B",
        PUBLISHER = {The M.I.T. Press},
        ADDRESS = "Cambridge, MA",
        YEAR = 1990,
        EDITOR = "J. van Leeuwen",
        CHAPTER = 16,
        PAGES = "995--1072"                                  }
@Article {GKV,
        Author ="E. Graedel and P. Kolaitis and M. Vardi",
        Title ="On the Decision Problem for Two Variable Logic.",
        Journal = "Bulletin of Symbolic Logic",
        Year = 1997}
@INPROCEEDINGS {GOR,
        Author ="E. Graedel and M.Otto and E. Rosen",
        Title ="Two-variable Logic with Counting is Decidable",
        BOOKTITLE = "Proceedings of LICS 96",
        Year = 1996}
@INPROCEEDINGS {jensenJKS,
        Author ="J. Jensen and M. Jorgensen and N. Klarlund and M. Schwartzbach",
        Title ="Automatic Verification of Pointer Programs using Monadic Second-Order Logic",
        BOOKTITLE = "Proceedings of PLDI 97",
        Year = 1997}
@Article{KS,
        AUTHOR ="H. Kautz and B. Selman",
        TITLE = "Knowledge Compilation and Theory Approximation",
    Journal = jacm,
        publisher = "ACM Press",
        Address = "New York, NY",
    Volume = 43,
    Number = 2,
    Pages = "193--224",
        YEAR = 1996}
@BOOK {OttoBook,
        AUTHOR = "M. Otto",
        TITLE = "Bounded Variable Logics and Counting",
        PUBLISHER = "Springer-Verlag",
        SERIES = "Lecture Notes in Logic, Volume 9",
        YEAR = 1997}
@INCOLLECTION{Th,
        AUTHOR = "W. Thomas",
        TITLE = "Automata on Infinite Objects",
        BOOKTITLE = "Handbook of Theoretical Computer Science, Volume B",
        PUBLISHER = {The M.I.T. Press},
        ADDRESS = "Cambridge, MA",
        YEAR = 1990,
        EDITOR = "J. van Leeuwen",
        CHAPTER = 4,
        PAGES = "135--192"}
@Article{do,
        AUTHOR ="J. Doner",
        TITLE = "Tree Acceptors and Some of Their Applications",
    Journal = "J. Comput. Syst. Sci.",
    Volume = 4,
    Pages = "406--451",
        YEAR = 1970}
@Article{thwr,
        AUTHOR ="J.W. Thatcher and J.B. Wright",
        TITLE = "Generalized Finite Automata with an Application to a Decision Problem of Second Order Logic",
    Journal = "Math. Syst. Theory",
    Volume = 2,
    Pages = "57--82",
        YEAR = 1968}
@INCOLLECTION{V,
        AUTHOR = "M. Vardi",
        TITLE = "Why Is Modal Logic So Robustly Decidable?",
        BOOKTITLE = "Descriptive Complexity and Finite Models",
        PUBLISHER = {AMS},
        YEAR = 1997,
        EDITOR = "N. Immerman and P. Kolaitis"}
@Article{JPhil:vanFraassen66,
    Author="B. van Fraassen",
    Year=1966,
    Title="Singular terms, truth-value gaps, and free logic",
    Journal=jp,
    Volume=63,
    Number=17,
    Pages="481--495"}
@Inproceedings{CAV:SBD02,
   Author="A. Stump and C. Barrett and D. Dill",
   Title="{CVC}: a Cooperating Validity Checker",
   Booktitle="14th International Conference on Computer-Aided Verication",
   Year=2002}
@INPROCEEDINGS{KlaEtAl:Mona,
    AUTHOR = {J.G. Henriksen and
        Jensen,J. and J{\o}rgensen, M. and
        Klarlund, N. and Paige, B. and Rauhe, T. and Sandholm, A.},
        BOOKTITLE = tacas,
    TITLE = {Mona: {Monadic} Second-order logic in practice},
    YEAR = {1995},
}
@Article{Hoare:DataRepCorrectness,
    Author = "C. A. R. Hoare",
    Title = "Proof of correctness of data representations",
    Publisher = "Acta Informatica",
    Year = 1972,
    Volume=1,
    Number = 4,
    Pages = "271--281"
}

@inproceedings{klarlund93graph,
    author = "N. Klarlund and M. I. Schwartzbach",
    title = "Graph Types",
    booktitle = popl,
    pages = "196--205",
    year = 1993
}
@inproceedings{LICS:reynolds02separation,
  author = "J. Reynolds",
  title = "Separation logic: a logic for shared mutable data structures",
  text = "J. C. Reynolds. Separation logic: a logic for shared mutable data structures",
  Booktitle="LICS'02",
  year = "2002"
  }
@article{HoareVerification69,
 author = {C. A. R. Hoare},
 title = {An axiomatic basis for computer programming},
 journal = {Commun. ACM},
 volume = {12},
 number = {10},
 year = {1969},
 issn = {0001-0782},
 pages = {576--580},
 doi = {http://doi.acm.org/10.1145/363235.363259},
 publisher = {ACM Press},
 }
@inproceedings{CADE:SPASS96,
 author = {Christoph Weidenbach and Bernd Gaede and Georg Rock},
 title = {SPASS \& FLOTTER Version 0.42},
 booktitle = {CADE-13: Proceedings of the 13th International Conference on Automated Deduction},
 year = {1996},
 isbn = {3-540-61511-3},
 pages = {141--145},
 publisher = {Springer-Verlag},
 }

@phdthesis{Phd:Hesse03,
author="W. Hesse",
year="2003",
title="Dynamic computational complexity",
school="Dept. of Computer Science, University of Massachusetts, Amherst, MA"
}

@article{EL:DI08,
author="Camil Demetrescu and Giuseppe F. Italiano",
title="Decremental All-Pairs Shortest Paths",
journal="Encyclopedia of Algorithms",
year=2008
}

@INPROCEEDINGS{PLDI:MS01,
    author = {Anders M{\o}ller and Michael I. Schwartzbach},
    title = {The Pointer Assertion Logic Engine},
    booktitle = {PLDI},
    year = {2001},
    pages = {221--231},
    publisher = ACM
    }

@INPROCEEDINGS{POPL:MPQ11,
    author = {P. Madhusudan and Gennaro Parlato and Xiaokang Qiu},
    title = {Decidable logics combining heap structures and data},
    booktitle = {POPL},
    year = {2011},
    pages = {611--622},
    publisher =acm
    }


@article{LMCS:Lev-Ami09,
  author    = {Tal Lev-Ami and
               Neil Immerman and
               Thomas W. Reps and
               Mooly Sagiv and
               Siddharth Srivastava and
               Greta Yorsh},
  title     = {Simulating reachability using first-order logic with applications
               to verification of linked data structures},
  journal   = {Logical Methods in Computer Science},
  volume    = {5},
  number    = {2},
  year      = {2009}
}

@inproceedings{popl:LahiriQ08,
  author    = {Shuvendu K. Lahiri and
               Shaz Qadeer},
  title     = {Back to the future: revisiting precise program verification
               using SMT solvers},
  booktitle = {POPL},
  year      = {2008},
}
  pages     = {171--182}


@article{TOPLAS:RepsSL10,
  author    = {Thomas W. Reps and
               Mooly Sagiv and
               Alexey Loginov},
  title     = {Finite differencing of logical formulas for static analysis},
  journal   = {ACM Trans. Program. Lang. Syst.},
  volume    = {32},
  number    = {6},
  year      = {2010}
  }


@article{JLP:Yorsh07,
  author    = {Greta Yorsh and
               Alexander Moshe Rabinovich and
               Mooly Sagiv and
               Antoine Meyer and
               Ahmed Bouajjani},
  title     = {A logic of reachable patterns in linked data-structures},
  journal   = {J. Log. Algebr. Program.},
  volume    = {73},
  number    = {1--2},
  year      = {2007},
  pages     = {111--142}
}

@inproceedings{ATVA:BouajjaniDES12,
  author    = {Ahmed Bouajjani and
               Cezara Dragoi and
               Constantin Enea and
               Mihaela Sighireanu},
  title     = {Accurate Invariant Checking for Programs Manipulating Lists
               and Arrays with Infinite Data},
  booktitle = "ATVA",
  year      = {2012},
  pages     = {167--182}
  }

@inproceedings{POPL:RinetzkyBRSW05,
  author    = {Noam Rinetzky and
               J{\"o}rg Bauer and
               Thomas W. Reps and
               Shmuel Sagiv and
               Reinhard Wilhelm},
  title     = {A semantics for procedure local heaps and its abstractions},
  booktitle = {POPL},
  year      = {2005},
}
  pages     = {296--309}



@book{Book:Immerman99,
  author    = {Neil Immerman},
  title     = {Descriptive {C}omplexity},
  publisher = {Springer},
  series    = {Graduate {T}exts in {C}omputer {S}cience},
  year      = {1999}
  }

@inproceedings{McCarthy62,
  author    = {John McCarthy},
  title     = {Towards a Mathematical Science of Computation},
  booktitle = {IFIP Congress},
  year      = {1962},
  pages     = {21-28},
}
@inproceedings{POPL:FlanaganS01,
  author    = {Cormac Flanagan and
               James B. Saxe},
  title     = {Avoiding exponential explosion: generating compact verification
               conditions},
  booktitle = {POPL},
  year      = {2001},
}
  pages     = {193--205}

@inproceedings{CSL:ImmermanRRSY04,
 author    = {Neil Immerman and
               Alexander Moshe Rabinovich and
               Thomas W. Reps and
               Shmuel Sagiv and
               Greta Yorsh},
  title     = {The Boundary Between Decidability and Undecidability for
               Transitive-Closure Logics},
  booktitle = {CSL},
  year      = {2004}
}
  pages     = {160--174}

@article{JAR:PiskacMB10,
  author    = {Ruzica Piskac and
               Leonardo Mendon\c{c}a de Moura and
               Nikolaj Bj{\o}rner},
  title     = {Deciding Effectively Propositional Logic Using DPLL and
               Substitution Sets},
  journal   = {J. Autom. Reasoning},
  volume    = {44},
  number    = {4},
  year      = {2010},
  pages     = {401--424}
  }

% Textbook definition of VCaux and VCgen
@article{frade2011verification,
  title={Verification conditions for source-level imperative programs},
  author={Frade, M.J. and Pinto, J.S.},
  journal={Computer Science Review},
  volume={5},
  number={3},
  pages={252--277},
  year={2011},
  publisher={Elsevier}
}

% Used in the implementation
@MISC{smtlib,
note={http://smtlib.cs.uiowa.edu/docs.html},
Title= "{SMTLIB}: Satisfiability Modulo Theories Library."
}

@inproceedings{z3,
  author = {Leonardo de Moura and
               Nikolaj Bj{\o}rner},
  title = { {Z3}: An Efficient {SMT} Solver},
  year = {2008},
  pages = {337-340},
  booktitle = {Tools and Algorithms for the Construction and Analysis of
               Systems, 14th International Conference, TACAS 2008, Held
               as Part of the Joint European Conferences on Theory and
               Practice of Software, ETAPS 2008, Budapest, Hungary, March
               29-April 6, 2008. Proceedings},
  publisher = {Springer},
  series = {Lecture Notes in Computer Science},
  volume = {4963}
}

@inproceedings{Deutsch94,
  author    = {Alain Deutsch},
  title     = {Interprocedural May-Alias Analysis for Pointers: Beyond
               {\it k}-limiting},
  booktitle = {PLDI},
  year      = {1994},
}
  pages     = {230-241},

@ARTICLE{SIGMOD:DS00,
    author = "Guozhu Dong and Jianwen Su",
    title = {Incremental Maintenance of Recursive Views Using Relational Calculus/SQL},
    journal = {SIGMOD Record},
    year = {2000},
    volume = {29},
    pages = {44--51}
}

@article{TOPLAS:SRW02,
  author    = {Shmuel Sagiv and
               Thomas W. Reps and
               Reinhard Wilhelm},
  title     = {Parametric shape analysis via 3-valued logic},
  journal   = {ACM Trans. Program. Lang. Syst.},
  volume    = {24},
  number    = {3},
  year      = {2002},
  pages     = {217--298}
}

@Inproceedings{Floyd67,
    author="Robert W. Floyd",
    title="Assigning Meanings to Programs",
    Booktitle="Proceedings of Symposium on Applied Mathematics",
    Voulume="19",
    Number ="32",
    Year="1967"
    }
@INPROCEEDINGS{POPL:CC79,
        AUTHOR = "P. Cousot and R. Cousot",
        TITLE ="Systematic Design of Program Analysis Frameworks",
        BOOKTITLE = popl,
        publisher = "ACM Press",
        Address = "New York, NY",
        YEAR = 1979,
        PAGES = "269--282"          }


@inproceedings{CAV:IBINS13,
  author  = {Shachar Itzhaky and Anindya Banerjee and Neil Immerman and Aleksandar Nanevski and Mooly Sagiv},
  title   = {Effectively-Propositional Reasoning about Reachability in Linked Data Structures},
  booktitle = {CAV},
  pages   = {756--772},
  year   = 2013,
  series    = {LNCS},
  volume    = {8044}
}

@inproceedings{POPL:IBILNS14,
  author    = {Shachar Itzhaky and
               Anindya Banerjee and
               Neil Immerman and
               Ori Lahav and
               Aleksandar Nanevski and
               Mooly Sagiv},
  title     = {Modular reasoning about heap paths via effectively propositional formulas},
  booktitle = {the 41st Annual {ACM} {SIGPLAN-SIGACT} Symposium on Principles of
               Programming Languages, {POPL}},
  pages     = {385--396},
  year      = {2014},
}

@InProceedings{ISTA:LRSW00,
        Author ="T. Lev-Ami and T. Reps and M. Sagiv and R. Wilhelm",
        Title = "Putting Static Analysis to Work for Verification: {A} Case Study",
        Booktitle = "Proc. of the Int. Symp. on Software Testing and Analysis",
        Year = 2000}

@article{jacm:GiacobazziRS00,
  author    = {Roberto Giacobazzi and
               Francesco Ranzato and
               Francesca Scozzari},
  title     = {Making abstract interpretations complete},
  journal   = {J. {ACM}},
  volume    = {47},
  number    = {2},
  pages     = {361--416},
  year      = {2000}
  }

@inproceedings{GiacobazziLR15,
  author    = {Roberto Giacobazzi and
               Francesco Logozzo and
               Francesco Ranzato},
  title     = {Analyzing Program Analyses},
  booktitle = {Proceedings of the 42nd Annual {ACM} {SIGPLAN-SIGACT} Symposium on
               Principles of Programming Languages, {POPL} 2015, Mumbai, India, January
               15-17, 2015},
  pages     = {261--273},
  year      = {2015}
}

@inproceedings{birthday:GawlitzaLRSSW09,
  author    = {Thomas Gawlitza and
               J{\'{e}}r{\^{o}}me Leroux and
               Jan Reineke and
               Helmut Seidl and
               Gr{\'{e}}goire Sutre and
               Reinhard Wilhelm},
  title     = {Polynomial Precise Interval Analysis Revisited},
  booktitle = {Efficient Algorithms, Essays Dedicated to Kurt Mehlhorn on the Occasion
               of His 60th Birthday},
  pages     = {422--437},
  year      = {2009}
  }

@article{tcs:uW05,
  author    = {Zhendong Su and
               David Wagner},
  title     = {A class of polynomially solvable range constraints for interval analysis
               without widenings},
  journal   = {Theor. Comput. Sci.},
  volume    = {345},
  number    = {1},
  pages     = {122--138},
  year      = {2005}
  }
@article{fmsd:BouajjaniBHIMV11,
  author    = {Ahmed Bouajjani and
               Marius Bozga and
               Peter Habermehl and
               Radu Iosif and
               Pierre Moro and
               Tom{\'{a}}s Vojnar},
  title     = {Programs with lists are counter automata},
  journal   = {Formal Methods in System Design},
  volume    = {38},
  number    = {2},
  pages     = {158--192},
  year      = {2011}
  }
@inproceedings{popl:Chakaravarthy03,
  author    = {Venkatesan T. Chakaravarthy},
  title     = {New results on the computability and complexity of points - to analysis},
  booktitle = {Conference Record of {POPL} 2003: The 30th {SIGPLAN-SIGACT} Symposium
               on Principles of Programming Languages, New Orleans, Louisisana, USA,
               January 15-17, 2003},
  pages     = {115--125},
  year      = {2003},
}

@inproceedings{Pale,
  author    = {Anders M{\o}ller and
               Michael I. Schwartzbach},
  title     = {The Pointer Assertion Logic Engine},
  booktitle = {Proceedings of the 2001 {ACM} {SIGPLAN} Conference on Programming
               Language Design and Implementation (PLDI), Snowbird, Utah, USA, June
               20-22, 2001},
  pages     = {221--231},
  year      = {2001}
}

@inproceedings{SmallFootDecidable,
  author    = {Josh Berdine and
               Cristiano Calcagno and
               Peter W. O'Hearn},
  title     = {A Decidable Fragment of Separation Logic},
  booktitle = {{FSTTCS} 2004: Foundations of Software Technology and Theoretical
               Computer Science, 24th International Conference, Chennai, India, December
               16-18, 2004, Proceedings},
  pages     = {97--109},
  year      = {2004}
}

@article{finkel2001well,
  title={Well-structured transition systems everywhere!},
  author={Finkel, Alain and Schnoebelen, Ph},
  journal={Theoretical Computer Science},
  volume={256},
  number={1},
  pages={63--92},
  year={2001},
  publisher={Elsevier}
}

@inproceedings{ic3,
  author    = {Aaron R. Bradley},
  title     = {{SAT}-Based Model Checking without Unrolling},
  booktitle = {Verification, Model Checking, and Abstract Interpretation - 12th International
               Conference, {VMCAI} 2011, Austin, TX, USA, January 23-25, 2011. Proceedings},
  pages     = {70--87},
  year      = {2011}
}

@article{LCM,
  title={Undecidable problems in unreliable computations},
  author={Mayr, Richard},
  journal={Theoretical Computer Science},
  volume={297},
  number={1},
  pages={337--354},
  year={2003},
  publisher={Elsevier}
}

@inproceedings{LCMcheatsheet,
  author    = {Philippe Schnoebelen},
  title     = {Lossy Counter Machines Decidability Cheat Sheet},
  booktitle = {Reachability Problems, 4th International Workshop, {RP} 2010, Brno,
               Czech Republic, August 28-29, 2010. Proceedings},
  pages     = {51--75},
  year      = {2010},
}

@inproceedings{LCMrevisiting,
  author    = {Philippe Schnoebelen},
  title     = {Revisiting {A}ckermann-Hardness for Lossy Counter Machines and Reset
               Petri Nets},
  booktitle = {Mathematical Foundations of Computer Science 2010, 35th International
               Symposium, {MFCS} 2010, Brno, Czech Republic, August 23-27, 2010.
               Proceedings},
  pages     = {616--628},
  year      = {2010},
  crossref  = {DBLP:conf/mfcs/2010},
  url       = {http://dx.doi.org/10.1007/978-3-642-15155-2_54},
  doi       = {10.1007/978-3-642-15155-2_54},
  timestamp = {Wed, 18 Aug 2010 09:17:05 +0200},
  biburl    = {http://dblp.uni-trier.de/rec/bib/conf/mfcs/Schnoebelen10},
  bibsource = {dblp computer science bibliography, http://dblp.org}
}

@article{LossyChannel,
  author    = {Philippe Schnoebelen},
  title     = {Verifying lossy channel systems has nonprimitive recursive complexity},
  journal   = {Inf. Process. Lett.},
  volume    = {83},
  number    = {5},
  pages     = {251--261},
  year      = {2002},
  url       = {http://dx.doi.org/10.1016/S0020-0190(01)00337-4},
  doi       = {10.1016/S0020-0190(01)00337-4},
  timestamp = {Tue, 12 May 2015 17:12:01 +0200},
  biburl    = {http://dblp.uni-trier.de/rec/bib/journals/ipl/Schnoebelen02},
  bibsource = {dblp computer science bibliography, http://dblp.org}
}

@article{entcs:ThakurLLR15,
  author    = {Aditya V. Thakur and
               Akash Lal and
               Junghee Lim and
               Thomas W. Reps},
  title     = {PostHat and All That: Automating Abstract Interpretation},
  journal   = {Electr. Notes Theor. Comput. Sci.},
  volume    = {311},
  pages     = {15--32},
  year      = {2015}
  }

@inproceedings{Halwaks,
  author    = {Valentin Perrelle and
               Nicolas Halbwachs},
  title     = {An Analysis of Permutations in Arrays},
  booktitle = {Verification, Model Checking, and Abstract Interpretation, 11th International
               Conference, {VMCAI} 2010, Madrid, Spain, January 17-19, 2010. Proceedings},
  pages     = {279--294},
  year      = {2010}
  }

@inproceedings{Logozo11,
  author    = {Patrick Cousot and
               Radhia Cousot and
               Francesco Logozzo},
  title     = {A parametric segmentation functor for fully automatic and scalable
               array content analysis},
  booktitle = {Proceedings of the 38th {ACM} {SIGPLAN-SIGACT} Symposium on Principles
               of Programming Languages, {POPL} 2011, Austin, TX, USA, January 26-28,
               2011},
  pages     = {105--118},
  year      = {2011}
  }

@Article{kruskal1960,
  Author="J.B. Kruskal",
  Year =1960,
  Month=may,
  Title="Well-quasi-ordering, the tree theorem, and {V}azsonyi's conjecture",
  Journal="Transactions of the American Mathematical Society",
  Publisher="American Mathematical Society",
  Volume=95,
  Number=2
}

@article{higman1952,
  title={Ordering by divisibility in abstract algebras},
  author={Higman, Graham},
  journal={Proceedings of the London Mathematical Society},
  pages={326--336},
  year={1952}
}

@book{chang1990model,
  title     = {Model Theory},
  author    = {Chang, C.C. and Keisler, H.J.},
  isbn      = {9780080880075},
  series    = {Studies in Logic and the Foundations of Mathematics},
  year      = {1990},
  publisher = {Elsevier Science}
}

@Inproceedings{nash-williams-1963,
  author="C. Nash-Williams",
  Year=1963,
  Title="On well-quasi-ordering finite trees",
  Booktitle="Proc. Of the Cambridge Phil. Soc. 59"
  }

@Article{dickson1913,
  author="L. E. Dickson",
  Year=1913,
  Title="Finiteness of the odd perfect and primitive abundant numbers with n distinct prime factors",
  journal="American Journal of Mathematics",
  Volume=35,
  Number=4
  }

@article{ghilardi2010backward,
  author    = {Silvio Ghilardi and
               Silvio Ranise},
  title     = {Backward Reachability of Array-based Systems by {SMT} solving: Termination
               and Invariant Synthesis},
  journal   = {Logical Methods in Computer Science},
  volume    = {6},
  number    = {4},
  year      = {2010},
  url       = {http://dx.doi.org/10.2168/LMCS-6(4:10)2010},
  doi       = {10.2168/LMCS-6(4:10)2010},
  timestamp = {Mon, 06 Jun 2011 14:18:59 +0200},
  biburl    = {http://dblp.uni-trier.de/rec/bib/journals/corr/abs-1010-1872},
  bibsource = {dblp computer science bibliography, http://dblp.org}
}

@article{ghilardi2013automated,
  author    = {Alessandro Carioni and
               Silvio Ghilardi and
               Silvio Ranise},
  title     = {Automated Termination in Model-Checking Modulo Theories},
  journal   = {Int. J. Found. Comput. Sci.},
  volume    = {24},
  number    = {2},
  pages     = {211--232},
  year      = {2013},
}

@inproceedings{leroux2009general,
  title={The general vector addition system reachability problem by {P}resburger inductive invariants},
  author={Leroux, J{\'e}r{\^o}me},
  booktitle={Logic In Computer Science, 2009. LICS'09. 24th Annual IEEE Symposium on},
  pages={4--13},
  year={2009},
  organization={IEEE}
}

@article{gawlitza2012,
  author    = {Thomas Martin Gawlitza and
               David Monniaux},
  title     = {Invariant Generation through Strategy Iteration in Succinctly Represented
               Control Flow Graphs},
  journal   = {Logical Methods in Computer Science},
  volume    = {8},
  number    = {3},
  year      = {2012},
}

@inproceedings{Dafny,
  title={Dafny: An automatic program verifier for functional correctness},
  author={Leino, K Rustan M},
  booktitle={Logic for Programming, Artificial Intelligence, and Reasoning},
  pages={348--370},
  year={2010},
  organization={Springer}
}

@inproceedings{abdulla1993verifying,
  title={Verifying programs with unreliable channels},
  author={Abdulla, Parosh and Jonsson, Bengt},
  booktitle={Logic in Computer Science, 1993. LICS'93., Proceedings of Eighth Annual IEEE Symposium on},
  pages={160--170},
  year={1993},
  organization={IEEE}
}

@inproceedings{abdulla1996general,
  title={General decidability theorems for infinite-state systems},
  author={Abdulla, Parosh Aziz and {\v{C}}er{\=a}ns, K{\=a}rlis and Jonsson, Bengt and Tsay, Yih-Kuen},
  booktitle={Logic in Computer Science, 1996. LICS'96. Proceedings., Eleventh Annual IEEE Symposium on},
  pages={313--321},
  year={1996},
  organization={IEEE}
}

@article{abdulla2000algorithmic,
  title={Algorithmic analysis of programs with well quasi-ordered domains},
  author={Abdulla, Parosh Aziz and {\v{C}}er{\=a}ns, K{\=a}rlis and Jonsson, Bengt and Tsay, Yih-Kuen},
  journal={Information and Computation},
  volume={160},
  number={1},
  pages={109--127},
  year={2000},
  publisher={Elsevier}
}


% this has \leqL (def. 6.3)
@article{abdulla2001ensuring,
  title={Ensuring completeness of symbolic verification methods for infinite-state systems},
  author={Abdulla, Parosh Aziz and Jonsson, Bengt},
  journal={Theoretical Computer Science},
  volume={256},
  number={1},
  pages={145--167},
  year={2001},
  publisher={Elsevier}
}

% cite this for monotonic abstraction
@incollection{abdulla2007regular,
  title={Regular model checking without transducers (on efficient verification of parameterized systems)},
  author={Abdulla, Parosh Aziz and Delzanno, Giorgio and Henda, Noomene Ben and Rezine, Ahmed},
  booktitle={Tools and Algorithms for the Construction and Analysis of Systems},
  pages={721--736},
  year={2007},
  publisher={Springer}
}

@inproceedings{abdulla2008monotonic,
  author    = {Parosh Aziz Abdulla and
               Ahmed Bouajjani and
               Jonathan Cederberg and
               Fr{\'{e}}d{\'{e}}ric Haziza and
               Ahmed Rezine},
  title     = {Monotonic Abstraction for Programs with Dynamic Memory Heaps},
  booktitle = {CAV'08},
  pages     = {341--354},
  year      = {2008}
}

@article{abdulla2013monotonic,
  author    = {Parosh Aziz Abdulla and
               Jonathan Cederberg and
               Tom{\'{a}}s Vojnar},
  title     = {Monotonic Abstraction for Programs with Multiply-Linked Structures},
  journal   = {Int. J. Found. Comput. Sci.},
  volume    = {24},
  number    = {2},
  pages     = {187--210},
  year      = {2013},
}

@inproceedings{ReynoldsCAV13,
  author    = {Andrew Reynolds and
               Cesare Tinelli and
               Amit Goel and
               Sava Krstic},
  title     = {Finite Model Finding in {SMT}},
  booktitle = {Computer Aided Verification - 25th International Conference, {CAV}
               2013, Saint Petersburg, Russia, July 13-19, 2013. Proceedings},
  pages     = {640--655},
  year      = {2013}

}

@inproceedings{ge2009complete,
  title={Complete instantiation for quantified formulas in satisfiabiliby modulo theories},
  author={Yeting Ge and Leonardo De Moura},
  booktitle={International Conference on Computer Aided Verification},
  pages={306--320},
  year={2009},
  organization={Springer}
}

@inproceedings{IhlemannJS08TACAS08,
  author    = {Carsten Ihlemann and
               Swen Jacobs and
               Viorica Sofronie{-}Stokkermans},
  title     = {On Local Reasoning in Verification},
  booktitle = {Tools and Algorithms for the Construction and Analysis of Systems,
               14th International Conference, {TACAS} 2008, Held as Part of the Joint
               European Conferences on Theory and Practice of Software, {ETAPS} 2008,
               Budapest, Hungary, March 29-April 6, 2008. Proceedings},
  pages     = {265--281},
  year      = {2008}
 }

@inproceedings{DBLP:conf/cade/ReynoldsTGKDB13,
  author    = {Andrew Reynolds and
               Cesare Tinelli and
               Amit Goel and
               Sava Krstic and
               Morgan Deters and
               Clark Barrett},
  title     = {Quantifier Instantiation Techniques for Finite Model Finding in {SMT}},
  booktitle = {Automated Deduction - {CADE-24} - 24th International Conference on
               Automated Deduction, Lake Placid, NY, USA, June 9-14, 2013. Proceedings},
  pages     = {377--391},
  year      = {2013},
  crossref  = {DBLP:conf/cade/2013},
  url       = {http://dx.doi.org/10.1007/978-3-642-38574-2_26},
  doi       = {10.1007/978-3-642-38574-2_26},
  timestamp = {Sat, 15 Jun 2013 19:33:15 +0200},
  biburl    = {http://dblp.uni-trier.de/rec/bib/conf/cade/ReynoldsTGKDB13},
  bibsource = {dblp computer science bibliography, http://dblp.org}
}

@article{leinotriggerCAV16,
  title={Trigger Selection Strategies to Stabilize Program Verifiers},
  author={Leino, K Rustan M and Pit-Claudel, Cl{\'e}ment},
  booktitle={CAV'16},
  year={2016},
}

@article{simplifyJACM05,
  author    = {David Detlefs and
               Greg Nelson and
               James B. Saxe},
  title     = {Simplify: a theorem prover for program checking},
  journal   = {J. {ACM}},
  volume    = {52},
  number    = {3},
  pages     = {365--473},
  year      = {2005}
 }

@inproceedings{DBLP:conf/vmcai/AbdullaHH13,
  author    = {Parosh Aziz Abdulla and
               Fr{\'{e}}d{\'{e}}ric Haziza and
               Luk{\'{a}}s Hol{\'{\i}}k},
  title     = {All for the Price of Few},
  booktitle = {Verification, Model Checking, and Abstract Interpretation, 14th International
               Conference, {VMCAI} 2013, Rome, Italy, January 20-22, 2013. Proceedings},
  pages     = {476--495},
  year      = {2013}}


@article{abdulla2015parameterized,
  title={Parameterized verification through view abstraction},
  author={Abdulla, Parosh and Haziza, Fr{\'e}d{\'e}ric and Hol{\'\i}k, Luk{\'a}{\v{s}}},
  journal={International Journal on Software Tools for Technology Transfer},
  pages={1--22},
  year={2015},
  publisher={Springer}
}

@inproceedings{abdulla2014block,
  title={Block Me If You Can!},
  author={Abdulla, Parosh Aziz and Haziza, Fr{\'e}d{\'e}ric and Hol{\'\i}k, Luk{\'a}{\v{s}}},
  booktitle={International Static Analysis Symposium},
  pages={1--17},
  year={2014},
  organization={Springer}
}

@inproceedings{decidinglocalCAV15,
  author    = {Kshitij Bansal and
               Andrew Reynolds and
               Tim King and
               Clark W. Barrett and
               Thomas Wies},
  title     = {Deciding Local Theory Extensions via E-matching},
  booktitle = {Computer Aided Verification - 27th International Conference, {CAV}
               2015, San Francisco, CA, USA, July 18-24, 2015, Proceedings, Part
               {II}},
  pages     = {87--105},
  year      = {2015}

}

@inproceedings{IronFleet,
  author    = {Chris Hawblitzel and
               Jon Howell and
               Manos Kapritsos and
               Jacob R. Lorch and
               Bryan Parno and
               Michael L. Roberts and
               Srinath T. V. Setty and
               Brian Zill},
  title     = {IronFleet: proving practical distributed systems correct},
  booktitle = {Proceedings of the 25th Symposium on Operating Systems Principles,
               {SOSP}},
  pages     = {1--17},
  year      = {2015}}

@Inproceedings{EPR,
    author="F. Ramsey",
    title="On a problem in formal logic",
    booktitle="Proc. London Math. Soc.",
    year= 1930}


@inproceedings{MadhusudanPQ11,
  author    = {P. Madhusudan and
               Gennaro Parlato and
               Xiaokang Qiu},
  title     = {Decidable logics combining heap structures and data},
  booktitle = {Proceedings of the 38th {ACM} {SIGPLAN-SIGACT} Symposium on Principles
               of Programming Languages, {POPL} 2011, Austin, TX, USA, January 26-28,
               2011},
  pages     = {611--622},
  year      = {2011}
  }

@article{PaigeK82,
  author    = {Robert Paige and
               Shaye Koenig},
  title     = {Finite Differencing of Computable Expressions},
  journal   = {{ACM} Trans. Program. Lang. Syst.},
  volume    = {4},
  number    = {3},
  pages     = {402--454},
  year      = {1982}
  }

@inproceedings{KotelnikovKRV16,
  author    = {Evgenii Kotelnikov and
               Laura Kov{\'{a}}cs and
               Giles Reger and
               Andrei Voronkov},
  title     = {The vampire and the {FOOL}},
  booktitle = {Proceedings of the 5th {ACM} {SIGPLAN} Conference on Certified Programs
               and Proofs, Saint Petersburg, FL, USA, January 20-22, 2016},
  pages     = {37--48},
  year      = {2016}}

@inproceedings{WeidenbachDFKSW09,
  author    = {Christoph Weidenbach and
               Dilyana Dimova and
               Arnaud Fietzke and
               Rohit Kumar and
               Martin Suda and
               Patrick Wischnewski},
  title     = {{SPASS} Version 3.5},
  booktitle = {Automated Deduction - CADE-22, 22nd International Conference on Automated
               Deduction, Montreal, Canada, August 2-7, 2009. Proceedings},
  pages     = {140--145},
  year      = {2009}
  }

@inproceedings{Lev-AmiS00,
  author    = {Tal Lev{-}Ami and
               Shmuel Sagiv},
  title     = {{TVLA:} {A} System for Implementing Static Analyses},
  booktitle = {Static Analysis, 7th International Symposium, {SAS} 2000, Santa Barbara,
               CA, USA, June 29 - July 1, 2000, Proceedings},
  pages     = {280--301},
  year      = {2000}}

@inproceedings{LahiriQ08,
  author    = {Shuvendu K. Lahiri and
               Shaz Qadeer},
  title     = {Back to the future: revisiting precise program verification using
               {SMT} solvers},
  booktitle = {Proceedings of the 35th {ACM} {SIGPLAN-SIGACT} Symposium on Principles
               of Programming Languages, {POPL} 2008, San Francisco, California,
               USA, January 7-12, 2008},
  pages     = {171--182},
  year      = {2008}}

@inproceedings{LahiriQ06,
  author    = {Shuvendu K. Lahiri and
               Shaz Qadeer},
  title     = {Verifying properties of well-founded linked lists},
  booktitle = {Proceedings of the 33rd {ACM} {SIGPLAN-SIGACT} Symposium on Principles
               of Programming Languages, {POPL} 2006, Charleston, South Carolina,
               USA, January 11-13, 2006},
  pages     = {115--126},
  year      = {2006}}

@article{Jhala:2009:SMC:1592434.1592438,
 author = {Jhala, Ranjit and Majumdar, Rupak},
 title = {Software Model Checking},
 journal = {ACM Comput. Surv.},
 issue_date = {October 2009},
 volume = {41},
 number = {4},
 month = oct,
 year = {2009},
 issn = {0360-0300},
 pages = {21:1--21:54},
 articleno = {21},
 numpages = {54},
 url = {http://doi.acm.org/10.1145/1592434.1592438},
 doi = {10.1145/1592434.1592438},
 acmid = {1592438},
 publisher = {ACM},
 address = {New York, NY, USA},
 keywords = {Software model checking, abstraction, counterexample-guided refinement, enumerative and symbolic model checking, liveness, safety},
}

@inproceedings{DBLP:conf/vmcai/AlbarghouthiGC12,
  author    = {Aws Albarghouthi and
               Arie Gurfinkel and
               Marsha Chechik},
  title     = {Whale: An Interpolation-Based Algorithm for Inter-procedural Verification},
  booktitle = {Verification, Model Checking, and Abstract Interpretation - 13th International
               Conference, {VMCAI} 2012, Philadelphia, PA, USA, January 22-24, 2012.
               Proceedings},
  pages     = {39--55},
  year      = {2012},
  crossref  = {DBLP:conf/vmcai/2012},
  url       = {http://dx.doi.org/10.1007/978-3-642-27940-9_4},
  doi       = {10.1007/978-3-642-27940-9_4},
  timestamp = {Mon, 23 Jan 2012 19:27:00 +0100},
  biburl    = {http://dblp.uni-trier.de/rec/bib/conf/vmcai/AlbarghouthiGC12},
  bibsource = {dblp computer science bibliography, http://dblp.org}
}

@inproceedings{DBLP:conf/pldi/GrebenshchikovLPR12,
  author    = {Sergey Grebenshchikov and
               Nuno P. Lopes and
               Corneliu Popeea and
               Andrey Rybalchenko},
  title     = {Synthesizing software verifiers from proof rules},
  booktitle = {{ACM} {SIGPLAN} Conference on Programming Language Design and Implementation,
               {PLDI} '12, Beijing, China - June 11 - 16, 2012},
  pages     = {405--416},
  year      = {2012},
  crossref  = {DBLP:conf/pldi/2012},
  url       = {http://doi.acm.org/10.1145/2254064.2254112},
  doi       = {10.1145/2254064.2254112},
  timestamp = {Tue, 12 Jun 2012 20:04:16 +0200},
  biburl    = {http://dblp.uni-trier.de/rec/bib/conf/pldi/GrebenshchikovLPR12},
  bibsource = {dblp computer science bibliography, http://dblp.org}
}

@inproceedings{DBLP:conf/tacas/GrebenshchikovGLPR12,
  author    = {Sergey Grebenshchikov and
               Ashutosh Gupta and
               Nuno P. Lopes and
               Corneliu Popeea and
               Andrey Rybalchenko},
  title     = {{HSF(C):} {A} Software Verifier Based on Horn Clauses - (Competition
               Contribution)},
  booktitle = {Tools and Algorithms for the Construction and Analysis of Systems
               - 18th International Conference, {TACAS} 2012, Held as Part of the
               European Joint Conferences on Theory and Practice of Software, {ETAPS}
               2012, Tallinn, Estonia, March 24 - April 1, 2012. Proceedings},
  pages     = {549--551},
  year      = {2012},
  crossref  = {DBLP:conf/tacas/2012},
  url       = {http://dx.doi.org/10.1007/978-3-642-28756-5_46},
  doi       = {10.1007/978-3-642-28756-5_46},
  timestamp = {Wed, 07 Jan 2015 18:21:20 +0100},
  biburl    = {http://dblp.uni-trier.de/rec/bib/conf/tacas/GrebenshchikovGLPR12},
  bibsource = {dblp computer science bibliography, http://dblp.org}
}


@inproceedings{DBLP:conf/sat/HoderB12,
  author    = {Krystof Hoder and
               Nikolaj Bj{\o}rner},
  title     = {Generalized Property Directed Reachability},
  booktitle = {Theory and Applications of Satisfiability Testing - {SAT} 2012 - 15th
               International Conference, Trento, Italy, June 17-20, 2012. Proceedings},
  pages     = {157--171},
  year      = {2012},
  crossref  = {DBLP:conf/sat/2012},
  url       = {http://dx.doi.org/10.1007/978-3-642-31612-8_13},
  doi       = {10.1007/978-3-642-31612-8_13},
  timestamp = {Mon, 18 Jun 2012 12:30:05 +0200},
  biburl    = {http://dblp.uni-trier.de/rec/bib/conf/sat/HoderB12},
  bibsource = {dblp computer science bibliography, http://dblp.org}
}

@inproceedings{DBLP:conf/tacas/HeizmannCDEHLNSP13,
  author    = {Matthias Heizmann and
               J{\"{u}}rgen Christ and
               Daniel Dietsch and
               Evren Ermis and
               Jochen Hoenicke and
               Markus Lindenmann and
               Alexander Nutz and
               Christian Schilling and
               Andreas Podelski},
  title     = {Ultimate Automizer with {SMTInterpol} - (Competition Contribution)},
  booktitle = {Tools and Algorithms for the Construction and Analysis of Systems
               - 19th International Conference, {TACAS} 2013, Held as Part of the
               European Joint Conferences on Theory and Practice of Software, {ETAPS}
               2013, Rome, Italy, March 16-24, 2013. Proceedings},
  pages     = {641--643},
  year      = {2013},
  crossref  = {DBLP:conf/tacas/2013},
  url       = {http://dx.doi.org/10.1007/978-3-642-36742-7_53},
  doi       = {10.1007/978-3-642-36742-7_53},
  timestamp = {Mon, 18 Feb 2013 14:43:46 +0100},
  biburl    = {http://dblp.uni-trier.de/rec/bib/conf/tacas/HeizmannCDEHLNSP13},
  bibsource = {dblp computer science bibliography, http://dblp.org}
}

@inproceedings{DBLP:conf/tacas/HeizmannCDHLMSWP14,
  author    = {Matthias Heizmann and
               J{\"{u}}rgen Christ and
               Daniel Dietsch and
               Jochen Hoenicke and
               Markus Lindenmann and
               Betim Musa and
               Christian Schilling and
               Stefan Wissert and
               Andreas Podelski},
  title     = {Ultimate Automizer with Unsatisfiable Cores - (Competition Contribution)},
  booktitle = {Tools and Algorithms for the Construction and Analysis of Systems
               - 20th International Conference, {TACAS} 2014, Held as Part of the
               European Joint Conferences on Theory and Practice of Software, {ETAPS}
               2014, Grenoble, France, April 5-13, 2014. Proceedings},
  pages     = {418--420},
  year      = {2014},
  crossref  = {DBLP:conf/tacas/2014},
  url       = {http://dx.doi.org/10.1007/978-3-642-54862-8_35},
  doi       = {10.1007/978-3-642-54862-8_35},
  timestamp = {Sun, 23 Mar 2014 11:19:21 +0100},
  biburl    = {http://dblp.uni-trier.de/rec/bib/conf/tacas/HeizmannCDHLMSWP14},
  bibsource = {dblp computer science bibliography, http://dblp.org}
}

@inproceedings{DBLP:conf/popl/HeizmannHP10,
  author    = {Matthias Heizmann and
               Jochen Hoenicke and
               Andreas Podelski},
  title     = {Nested interpolants},
  booktitle = {Proceedings of the 37th {ACM} {SIGPLAN-SIGACT} Symposium on Principles
               of Programming Languages, {POPL} 2010, Madrid, Spain, January 17-23,
               2010},
  pages     = {471--482},
  year      = {2010},
  crossref  = {DBLP:conf/popl/2010},
  url       = {http://doi.acm.org/10.1145/1706299.1706353},
  doi       = {10.1145/1706299.1706353},
  timestamp = {Tue, 22 May 2012 15:24:56 +0200},
  biburl    = {http://dblp.uni-trier.de/rec/bib/conf/popl/HeizmannHP10},
  bibsource = {dblp computer science bibliography, http://dblp.org}
}

@inproceedings{DBLP:conf/birthday/BjornerGMR15,
  author    = {Nikolaj Bj{\o}rner and
               Arie Gurfinkel and
               Kenneth L. McMillan and
               Andrey Rybalchenko},
  title     = {Horn Clause Solvers for Program Verification},
  booktitle = {Fields of Logic and Computation {II} - Essays Dedicated to Yuri Gurevich
               on the Occasion of His 75th Birthday},
  pages     = {24--51},
  year      = {2015},
  crossref  = {DBLP:conf/birthday/2015gurevich},
  url       = {http://dx.doi.org/10.1007/978-3-319-23534-9_2},
  doi       = {10.1007/978-3-319-23534-9_2},
  timestamp = {Sat, 05 Sep 2015 14:20:40 +0200},
  biburl    = {http://dblp.uni-trier.de/rec/bib/conf/birthday/BjornerGMR15},
  bibsource = {dblp computer science bibliography, http://dblp.org}
}

@misc{duality,
  author    = {K. L. McMillan and A. Rybalchenko},
  title     = {Solving Constrained Horn Clauses using
Interpolation},
  booktitle = {Technical Report MSR-TR-2013-6, Microsoft Research},
  year      = {2013}
}

@article{DBLP:journals/ac/BiereCCSZ03,
  author    = {Armin Biere and
               Alessandro Cimatti and
               Edmund M. Clarke and
               Ofer Strichman and
               Yunshan Zhu},
  title     = {Bounded model checking},
  journal   = {Advances in Computers},
  volume    = {58},
  pages     = {117--148},
  year      = {2003},
  url       = {http://dx.doi.org/10.1016/S0065-2458(03)58003-2},
  doi       = {10.1016/S0065-2458(03)58003-2},
  timestamp = {Tue, 29 Nov 2011 17:54:04 +0100},
  biburl    = {http://dblp.uni-trier.de/rec/bib/journals/ac/BiereCCSZ03},
  bibsource = {dblp computer science bibliography, http://dblp.org}
}

@article{DBLP:journals/jsyml/Craig57a,
  author    = {William Craig},
  title     = {Three Uses of the {Herbrand}-{Gentzen} Theorem in Relating Model Theory
               and Proof Theory},
  journal   = {J. Symb. Log.},
  volume    = {22},
  number    = {3},
  pages     = {269--285},
  year      = {1957},
  url       = {http://dx.doi.org/10.2307/2963594},
  doi       = {10.2307/2963594},
  timestamp = {Tue, 05 Aug 2014 16:36:12 +0200},
  biburl    = {http://dblp.uni-trier.de/rec/bib/journals/jsyml/Craig57a},
  bibsource = {dblp computer science bibliography, http://dblp.org}
}


@inproceedings{DBLP:conf/sas/BjornerMR13,
  author    = {Nikolaj Bj{\o}rner and
               Kenneth L. McMillan and
               Andrey Rybalchenko},
  title     = {On Solving Universally Quantified Horn Clauses},
  booktitle = {Static Analysis - 20th International Symposium, {SAS} 2013, Seattle,
               WA, USA, June 20-22, 2013. Proceedings},
  pages     = {105--125},
  year      = {2013},
  crossref  = {DBLP:conf/sas/2013},
  url       = {http://dx.doi.org/10.1007/978-3-642-38856-9_8},
  doi       = {10.1007/978-3-642-38856-9_8},
  timestamp = {Mon, 17 Jun 2013 13:05:16 +0200},
  biburl    = {http://dblp.uni-trier.de/rec/bib/conf/sas/BjornerMR13},
  bibsource = {dblp computer science bibliography, http://dblp.org}
}

@inproceedings{DBLP:conf/ifm/BallCLR04,
  author    = {Thomas Ball and
               Byron Cook and
               Vladimir Levin and
               Sriram K. Rajamani},
  title     = {{SLAM} and Static Driver Verifier: Technology Transfer of Formal Methods
               inside {Microsoft}},
  booktitle = {Integrated Formal Methods, 4th International Conference, {IFM} 2004,
               Canterbury, UK, April 4-7, 2004, Proceedings},
  pages     = {1--20},
  year      = {2004},
  crossref  = {DBLP:conf/ifm/2004},
  url       = {http://dx.doi.org/10.1007/978-3-540-24756-2_1},
  doi       = {10.1007/978-3-540-24756-2_1},
  timestamp = {Wed, 06 Jul 2011 21:22:25 +0200},
  biburl    = {http://dblp.uni-trier.de/rec/bib/conf/ifm/BallCLR04},
  bibsource = {dblp computer science bibliography, http://dblp.org}
}

@inproceedings{DBLP:conf/popl/HenzingerJMS02,
  author    = {Thomas A. Henzinger and
               Ranjit Jhala and
               Rupak Majumdar and
               Gr{\'{e}}goire Sutre},
  title     = {Lazy abstraction},
  booktitle = {Conference Record of {POPL} 2002: The 29th {SIGPLAN-SIGACT} Symposium
               on Principles of Programming Languages, Portland, OR, USA, January
               16-18, 2002},
  pages     = {58--70},
  year      = {2002},
  crossref  = {DBLP:conf/popl/2002},
  url       = {http://doi.acm.org/10.1145/503272.503279},
  doi       = {10.1145/503272.503279},
  timestamp = {Mon, 18 Mar 2013 08:38:35 +0100},
  biburl    = {http://dblp.uni-trier.de/rec/bib/conf/popl/HenzingerJMS02},
  bibsource = {dblp computer science bibliography, http://dblp.org}
}

@inproceedings{DBLP:conf/popl/HenzingerJMM04,
  author    = {Thomas A. Henzinger and
               Ranjit Jhala and
               Rupak Majumdar and
               Kenneth L. McMillan},
  title     = {Abstractions from proofs},
  booktitle = {Proceedings of the 31st {ACM} {SIGPLAN-SIGACT} Symposium on Principles
               of Programming Languages, {POPL} 2004, Venice, Italy, January 14-16,
               2004},
  pages     = {232--244},
  year      = {2004},
  crossref  = {DBLP:conf/popl/2004},
  url       = {http://doi.acm.org/10.1145/964001.964021},
  doi       = {10.1145/964001.964021},
  timestamp = {Tue, 22 May 2012 15:24:56 +0200},
  biburl    = {http://dblp.uni-trier.de/rec/bib/conf/popl/HenzingerJMM04},
  bibsource = {dblp computer science bibliography, http://dblp.org}
}

@Article{Beyer2007,
author="Beyer, Dirk
and Henzinger, Thomas A.
and Jhala, Ranjit
and Majumdar, Rupak",
title="The software model checker Blast                  ",
journal="International Journal on Software Tools for Technology Transfer",
year="2007",
volume="9",
number="5",
pages="505--525",
abstract="Blast is an automatic verification tool for checking temporal safety properties of C programs. Given a C program and a temporal safety property, Blast either statically proves that the program satisfies the safety property, or provides an execution path that exhibits a violation of the property (or, since the problem is undecidable, does not terminate). Blast constructs, explores, and refines abstractions of the program state space based on lazy predicate abstraction and interpolation-based predicate discovery. This paper gives an introduction to Blast and demonstrates, through two case studies, how it can be applied to program verification and test-case generation. In the first case study, we use Blast to statically prove memory safety for C programs. We use CCured, a type-based memory-safety analyzer, to annotate a program with run-time assertions that check for safe memory operations. Then, we use Blast to remove as many of the run-time checks as possible (by proving that these checks never fail), and to generate execution scenarios that violate the assertions for the remaining run-time checks. In our second case study, we use Blast to automatically generate test suites that guarantee full coverage with respect to a given predicate. Given a C program and a target predicate p, Blast determines the program locations q for which there exists a program execution that reaches q with p true, and automatically generates a set of test vectors that cause such executions. Our experiments show that Blast can provide automated, precise, and scalable analysis for C programs.",
issn="1433-2787",
doi="10.1007/s10009-007-0044-z",
url="http://dx.doi.org/10.1007/s10009-007-0044-z"
}

@inproceedings{DBLP:conf/tacas/CimattiGMT14,
  author    = {Alessandro Cimatti and
               Alberto Griggio and
               Sergio Mover and
               Stefano Tonetta},
  title     = {{IC3} Modulo Theories via Implicit Predicate Abstraction},
  booktitle = {Tools and Algorithms for the Construction and Analysis of Systems
               - 20th International Conference, {TACAS} 2014, Held as Part of the
               European Joint Conferences on Theory and Practice of Software, {ETAPS}
               2014, Grenoble, France, April 5-13, 2014. Proceedings},
  pages     = {46--61},
  year      = {2014},
  crossref  = {DBLP:conf/tacas/2014},
  url       = {http://dx.doi.org/10.1007/978-3-642-54862-8_4},
  doi       = {10.1007/978-3-642-54862-8_4},
  timestamp = {Sun, 23 Mar 2014 11:19:21 +0100},
  biburl    = {http://dblp.uni-trier.de/rec/bib/conf/tacas/CimattiGMT14},
  bibsource = {dblp computer science bibliography, http://dblp.org}
}


@inproceedings{DBLP:conf/date/WelpK13,
  author    = {Tobias Welp and
               Andreas Kuehlmann},
  title     = {{QF} {BV} model checking with property directed reachability},
  booktitle = {Design, Automation and Test in Europe, {DATE} 13, Grenoble, France,
               March 18-22, 2013},
  pages     = {791--796},
  year      = {2013},
  crossref  = {DBLP:conf/date/2013},
  url       = {http://dx.doi.org/10.7873/DATE.2013.168},
  doi       = {10.7873/DATE.2013.168},
  timestamp = {Wed, 11 Nov 2015 14:37:15 +0100},
  biburl    = {http://dblp.uni-trier.de/rec/bib/conf/date/WelpK13},
  bibsource = {dblp computer science bibliography, http://dblp.org}
}

@inproceedings{DBLP:conf/cav/CimattiG12,
  author    = {Alessandro Cimatti and
               Alberto Griggio},
  title     = {Software Model Checking via {IC3}},
  booktitle = {Computer Aided Verification - 24th International Conference, {CAV}
               2012, Berkeley, CA, USA, July 7-13, 2012 Proceedings},
  pages     = {277--293},
  year      = {2012},
  crossref  = {DBLP:conf/cav/2012},
  url       = {http://dx.doi.org/10.1007/978-3-642-31424-7_23},
  doi       = {10.1007/978-3-642-31424-7_23},
  timestamp = {Tue, 03 Jul 2012 08:52:37 +0200},
  biburl    = {http://dblp.uni-trier.de/rec/bib/conf/cav/CimattiG12},
  bibsource = {dblp computer science bibliography, http://dblp.org}
}

@article{DBLP:journals/fmsd/KomuravelliGC16,
  author    = {Anvesh Komuravelli and
               Arie Gurfinkel and
               Sagar Chaki},
  title     = {{SMT}-based model checking for recursive programs},
  journal   = {Formal Methods in System Design},
  volume    = {48},
  number    = {3},
  pages     = {175--205},
  year      = {2016},
  url       = {http://dx.doi.org/10.1007/s10703-016-0249-4},
  doi       = {10.1007/s10703-016-0249-4},
  timestamp = {Wed, 31 Aug 2016 18:07:50 +0200},
  biburl    = {http://dblp.uni-trier.de/rec/bib/journals/fmsd/KomuravelliGC16},
  bibsource = {dblp computer science bibliography, http://dblp.org}
}

@article{sel4,
  author    = {Gerwin Klein and
               June Andronick and
               Kevin Elphinstone and
               Gernot Heiser and
               David Cock and
               Philip Derrin and
               Dhammika Elkaduwe and
               Kai Engelhardt and
               Rafal Kolanski and
               Michael Norrish and
               Thomas Sewell and
               Harvey Tuch and
               Simon Winwood},
  title     = {{seL4}: formal verification of an operating-system kernel},
  journal   = {Commun. {ACM}},
  volume    = {53},
  number    = {6},
  pages     = {107--115},
  year      = {2010}}

  @article{Compcert,
  author = {Xavier Leroy},
  title = {Formal verification of a realistic compiler},
  journal = {Communications of the ACM},
  year = 2009,
  volume = 52,
  number = 7,
  pages = {107--115}
  }

@inproceedings{DBLP:conf/lop/ClarkeE81,
  author    = {Edmund M. Clarke and
               E. Allen Emerson},
  title     = {Design and Synthesis of Synchronization Skeletons Using Branching-Time
               Temporal Logic},
  booktitle = {Logics of Programs, Workshop, Yorktown Heights, New York, May 1981},
  pages     = {52--71},
  year      = {1981},
  crossref  = {DBLP:conf/lop/1981},
  url       = {http://dx.doi.org/10.1007/BFb0025774},
  doi       = {10.1007/BFb0025774},
  timestamp = {Fri, 10 Jun 2011 14:41:11 +0200},
  biburl    = {http://dblp.uni-trier.de/rec/bib/conf/lop/ClarkeE81},
  bibsource = {dblp computer science bibliography, http://dblp.org}
}

@inproceedings{DBLP:conf/programm/QueilleS82,
  author    = {Jean{-}Pierre Queille and
               Joseph Sifakis},
  title     = {Specification and verification of concurrent systems in {CESAR}},
  booktitle = {International Symposium on Programming, 5th Colloquium, Torino, Italy,
               April 6-8, 1982, Proceedings},
  pages     = {337--351},
  year      = {1982},
  crossref  = {DBLP:conf/programm/1982},
  url       = {http://dx.doi.org/10.1007/3-540-11494-7_22},
  doi       = {10.1007/3-540-11494-7_22},
  timestamp = {Fri, 10 Jun 2011 14:41:17 +0200},
  biburl    = {http://dblp.uni-trier.de/rec/bib/conf/programm/QueilleS82},
  bibsource = {dblp computer science bibliography, http://dblp.org}
}


@inbook{mitchell1997machine,
  title={Machine Learning},
  author={Mitchell, T.M.},
  chapter      = 2,
  pages        = {20-51},
  isbn={9780070428072},
  lccn={97007692},
  series={McGraw-Hill international editions - computer science series},
  url={https://books.google.co.il/books?id=xOGAngEACAAJ},
  year={1997},
  publisher={McGraw-Hill Education}
}

@article{Angluin:1983:IIT:356914.356918,
 author = {Angluin, Dana and Smith, Carl H.},
 title = {Inductive Inference: Theory and Methods},
 journal = {ACM Comput. Surv.},
 issue_date = {Sept. 1983},
 volume = {15},
 number = {3},
 month = sep,
 year = {1983},
 issn = {0360-0300},
 pages = {237--269},
 numpages = {33},
 url = {http://doi.acm.org/10.1145/356914.356918},
 doi = {10.1145/356914.356918},
 acmid = {356918},
 publisher = {ACM},
 address = {New York, NY, USA},
}

@inproceedings{DBLP:conf/tacas/CobleighGP03,
  author    = {Jamieson M. Cobleigh and
               Dimitra Giannakopoulou and
               Corina S. Pasareanu},
  title     = {Learning Assumptions for Compositional Verification},
  booktitle = {Tools and Algorithms for the Construction and Analysis of Systems,
               9th International Conference, {TACAS} 2003, Held as Part of the Joint
               European Conferences on Theory and Practice of Software, {ETAPS} 2003,
               Warsaw, Poland, April 7-11, 2003, Proceedings},
  pages     = {331--346},
  year      = {2003},
  crossref  = {DBLP:conf/tacas/2003},
  url       = {http://dx.doi.org/10.1007/3-540-36577-X_24},
  doi       = {10.1007/3-540-36577-X_24},
  timestamp = {Tue, 05 Jul 2011 11:09:22 +0200},
  biburl    = {http://dblp.uni-trier.de/rec/bib/conf/tacas/CobleighGP03},
  bibsource = {dblp computer science bibliography, http://dblp.org}
}


@inproceedings{DBLP:conf/fm/HojjatKGIKR12,
  author    = {Hossein Hojjat and
               Filip Konecn{\'{y}} and
               Florent Garnier and
               Radu Iosif and
               Viktor Kuncak and
               Philipp R{\"{u}}mmer},
  title     = {A Verification Toolkit for Numerical Transition Systems - Tool Paper},
  booktitle = {{FM} 2012: Formal Methods - 18th International Symposium, Paris, France,
               August 27-31, 2012. Proceedings},
  pages     = {247--251},
  year      = {2012},
  crossref  = {DBLP:conf/fm/2012},
  url       = {http://dx.doi.org/10.1007/978-3-642-32759-9_21},
  doi       = {10.1007/978-3-642-32759-9_21},
  timestamp = {Tue, 04 Sep 2012 10:21:24 +0200},
  biburl    = {http://dblp.uni-trier.de/rec/bib/conf/fm/HojjatKGIKR12},
  bibsource = {dblp computer science bibliography, http://dblp.org}
}

@inproceedings{DBLP:conf/cav/JaffarMNS12,
  author    = {Joxan Jaffar and
               Vijayaraghavan Murali and
               Jorge A. Navas and
               Andrew E. Santosa},
  title     = {{TRACER:} {A} Symbolic Execution Tool for Verification},
  booktitle = {Computer Aided Verification - 24th International Conference, {CAV}
               2012, Berkeley, CA, USA, July 7-13, 2012 Proceedings},
  pages     = {758--766},
  year      = {2012},
  crossref  = {DBLP:conf/cav/2012},
  url       = {http://dx.doi.org/10.1007/978-3-642-31424-7_61},
  doi       = {10.1007/978-3-642-31424-7_61},
  timestamp = {Tue, 03 Jul 2012 08:52:37 +0200},
  biburl    = {http://dblp.uni-trier.de/rec/bib/conf/cav/JaffarMNS12},
  bibsource = {dblp computer science bibliography, http://dblp.org}
}

@inproceedings{DBLP:conf/padl/PodelskiR07,
  author    = {Andreas Podelski and
               Andrey Rybalchenko},
  title     = {{ARMC:} The Logical Choice for Software Model Checking with Abstraction
               Refinement},
  booktitle = {Practical Aspects of Declarative Languages, 9th International Symposium,
               {PADL} 2007, Nice, France, January 14-15, 2007.},
  pages     = {245--259},
  year      = {2007},
  crossref  = {DBLP:conf/padl/2007},
  url       = {http://dx.doi.org/10.1007/978-3-540-69611-7_16},
  doi       = {10.1007/978-3-540-69611-7_16},
  timestamp = {Tue, 08 May 2007 15:19:23 +0200},
  biburl    = {http://dblp.uni-trier.de/rec/bib/conf/padl/PodelskiR07},
  bibsource = {dblp computer science bibliography, http://dblp.org}
}

@inproceedings{DBLP:conf/tacas/AngelisFPP14,
  author    = {Emanuele {De Angelis} and
               Fabio Fioravanti and
               Alberto Pettorossi and
               Maurizio Proietti},
  title     = {VeriMAP: {A} Tool for Verifying Programs through Transformations},
  booktitle = {Tools and Algorithms for the Construction and Analysis of Systems
               - 20th International Conference, {TACAS} 2014, Held as Part of the
               European Joint Conferences on Theory and Practice of Software, {ETAPS}
               2014, Grenoble, France, April 5-13, 2014. Proceedings},
  pages     = {568--574},
  year      = {2014},
  crossref  = {DBLP:conf/tacas/2014},
  url       = {http://dx.doi.org/10.1007/978-3-642-54862-8_47},
  doi       = {10.1007/978-3-642-54862-8_47},
  timestamp = {Sun, 23 Mar 2014 11:19:21 +0100},
  biburl    = {http://dblp.uni-trier.de/rec/bib/conf/tacas/AngelisFPP14},
  bibsource = {dblp computer science bibliography, http://dblp.org}
}

@incollection{DBLP:series/faia/BarrettSST09,
  author    = {Clark W. Barrett and
               Roberto Sebastiani and
               Sanjit A. Seshia and
               Cesare Tinelli},
  title     = {Satisfiability Modulo Theories},
  booktitle = {Handbook of Satisfiability},
  pages     = {825--885},
  year      = {2009},
  crossref  = {DBLP:series/faia/2009-185},
  url       = {http://dx.doi.org/10.3233/978-1-58603-929-5-825},
  doi       = {10.3233/978-1-58603-929-5-825},
  timestamp = {Wed, 16 Sep 2009 11:21:44 +0200},
  biburl    = {http://dblp.uni-trier.de/rec/bib/series/faia/BarrettSST09},
  bibsource = {dblp computer science bibliography, http://dblp.org}
}

@inproceedings{DBLP:conf/cav/GrafS97,
  author    = {Susanne Graf and
               Hassen Sa{\"{\i}}di},
  title     = {Construction of Abstract State Graphs with {PVS}},
  booktitle = {Computer Aided Verification, 9th International Conference, {CAV} '97,
               Haifa, Israel, June 22-25, 1997, Proceedings},
  pages     = {72--83},
  year      = {1997},
  crossref  = {DBLP:conf/cav/1997},
  url       = {http://dx.doi.org/10.1007/3-540-63166-6_10},
  doi       = {10.1007/3-540-63166-6_10},
  timestamp = {Fri, 25 Sep 2009 10:07:36 +0200},
  biburl    = {http://dblp.uni-trier.de/rec/bib/conf/cav/GrafS97},
  bibsource = {dblp computer science bibliography, http://dblp.org}
}

@inproceedings{DBLP:conf/cav/SaidiS99,
  author    = {Hassen Sa{\"{\i}}di and
               Natarajan Shankar},
  title     = {Abstract and Model Check While You Prove},
  booktitle = {Computer Aided Verification, 11th International Conference, {CAV}
               '99, Trento, Italy, July 6-10, 1999, Proceedings},
  pages     = {443--454},
  year      = {1999},
  crossref  = {DBLP:conf/cav/1999},
  url       = {http://dx.doi.org/10.1007/3-540-48683-6_38},
  doi       = {10.1007/3-540-48683-6_38},
  timestamp = {Fri, 12 Feb 2016 07:36:53 +0100},
  biburl    = {http://dblp2.uni-trier.de/rec/bib/conf/cav/SaidiS99},
  bibsource = {dblp computer science bibliography, http://dblp.org}
}

@article{DBLP:journals/jacm/ClarkeGJLV03,
  author    = {Edmund M. Clarke and
               Orna Grumberg and
               Somesh Jha and
               Yuan Lu and
               Helmut Veith},
  title     = {Counterexample-guided abstraction refinement for symbolic model checking},
  journal   = {J. {ACM}},
  volume    = {50},
  number    = {5},
  pages     = {752--794},
  year      = {2003},
  url       = {http://doi.acm.org/10.1145/876638.876643},
  doi       = {10.1145/876638.876643},
  timestamp = {Thu, 09 Feb 2006 13:34:10 +0100},
  biburl    = {http://dblp.uni-trier.de/rec/bib/journals/jacm/ClarkeGJLV03},
  bibsource = {dblp computer science bibliography, http://dblp.org}
}


@inproceedings{DBLP:conf/vmcai/AbdullaHH13,
  author    = {Parosh Aziz Abdulla and
               Fr{\'{e}}d{\'{e}}ric Haziza and
               Luk{\'{a}}s Hol{\'{\i}}k},
  title     = {All for the Price of Few},
  booktitle = {Verification, Model Checking, and Abstract Interpretation, 14th International
               Conference, {VMCAI} 2013, Rome, Italy, January 20-22, 2013. Proceedings},
  pages     = {476--495},
  year      = {2013},
  crossref  = {DBLP:conf/vmcai/2013},
  url       = {http://dx.doi.org/10.1007/978-3-642-35873-9_28},
  doi       = {10.1007/978-3-642-35873-9_28},
  timestamp = {Fri, 25 Jan 2013 09:43:18 +0100},
  biburl    = {http://dblp.uni-trier.de/rec/bib/conf/vmcai/AbdullaHH13},
  bibsource = {dblp computer science bibliography, http://dblp.org}
}

@inproceedings{DBLP:conf/popl/EmersonN95,
  author    = {E. Allen Emerson and
               Kedar S. Namjoshi},
  title     = {Reasoning about Rings},
  booktitle = {Conference Record of POPL'95: 22nd {ACM} {SIGPLAN-SIGACT} Symposium
               on Principles of Programming Languages, San Francisco, California,
               USA, January 23-25, 1995},
  pages     = {85--94},
  year      = {1995},
  crossref  = {DBLP:conf/popl/1995},
  url       = {http://doi.acm.org/10.1145/199448.199468},
  doi       = {10.1145/199448.199468},
  timestamp = {Mon, 10 Dec 2012 15:26:39 +0100},
  biburl    = {http://dblp.uni-trier.de/rec/bib/conf/popl/EmersonN95},
  bibsource = {dblp computer science bibliography, http://dblp.org}
}

@inproceedings{DBLP:conf/cav/KaiserKW10,
  author    = {Alexander Kaiser and
               Daniel Kroening and
               Thomas Wahl},
  title     = {Dynamic Cutoff Detection in Parameterized Concurrent Programs},
  booktitle = {Computer Aided Verification, 22nd International Conference, {CAV}
               2010, Edinburgh, UK, July 15-19, 2010. Proceedings},
  pages     = {645--659},
  year      = {2010},
  crossref  = {DBLP:conf/cav/2010},
  url       = {http://dx.doi.org/10.1007/978-3-642-14295-6_55},
  doi       = {10.1007/978-3-642-14295-6_55},
  timestamp = {Sun, 24 Jul 2016 12:05:33 +0200},
  biburl    = {http://dblp.uni-trier.de/rec/bib/conf/cav/KaiserKW10},
  bibsource = {dblp computer science bibliography, http://dblp.org}
}

@article{DBLP:journals/ipl/AptK86,
  author    = {Krzysztof R. Apt and
               Dexter Kozen},
  title     = {Limits for Automatic Verification of Finite-State Concurrent Systems},
  journal   = {Inf. Process. Lett.},
  volume    = {22},
  number    = {6},
  pages     = {307--309},
  year      = {1986},
  url       = {http://dx.doi.org/10.1016/0020-0190(86)90071-2},
  doi       = {10.1016/0020-0190(86)90071-2},
  timestamp = {Thu, 07 Jul 2011 15:51:54 +0200},
  biburl    = {http://dblp.uni-trier.de/rec/bib/journals/ipl/AptK86},
  bibsource = {dblp computer science bibliography, http://dblp.org}
}

@article{DBLP:journals/ipl/Suzuki88,
  author    = {Ichiro Suzuki},
  title     = {Proving Properties of a Ring of Finite-State Machines},
  journal   = {Inf. Process. Lett.},
  volume    = {28},
  number    = {4},
  pages     = {213--214},
  year      = {1988},
  url       = {http://dx.doi.org/10.1016/0020-0190(88)90211-6},
  doi       = {10.1016/0020-0190(88)90211-6},
  timestamp = {Fri, 08 Jul 2011 12:13:30 +0200},
  biburl    = {http://dblp.uni-trier.de/rec/bib/journals/ipl/Suzuki88},
  bibsource = {dblp computer science bibliography, http://dblp.org}
}

@article{DBLP:journals/jcss/KarpM69,
  author    = {Richard M. Karp and
               Raymond E. Miller},
  title     = {Parallel Program Schemata},
  journal   = {J. Comput. Syst. Sci.},
  volume    = {3},
  number    = {2},
  pages     = {147--195},
  year      = {1969},
  url       = {http://dx.doi.org/10.1016/S0022-0000(69)80011-5},
  doi       = {10.1016/S0022-0000(69)80011-5},
  timestamp = {Tue, 05 Jul 2011 11:10:07 +0200},
  biburl    = {http://dblp.uni-trier.de/rec/bib/journals/jcss/KarpM69},
  bibsource = {dblp computer science bibliography, http://dblp.org}
}

@inproceedings{ic3,
  author    = {Aaron R. Bradley},
  title     = {SAT-Based Model Checking without Unrolling},
  booktitle = {Verification, Model Checking, and Abstract Interpretation - 12th International
               Conference, {VMCAI} 2011, Austin, TX, USA, January 23-25, 2011. Proceedings},
  pages     = {70--87},
  year      = {2011},
  crossref  = {DBLP:conf/vmcai/2011},
  url       = {http://dx.doi.org/10.1007/978-3-642-18275-4_7},
  doi       = {10.1007/978-3-642-18275-4_7},
  timestamp = {Tue, 15 Feb 2011 15:04:41 +0100},
  biburl    = {http://dblp.uni-trier.de/rec/bib/conf/vmcai/Bradley11},
  bibsource = {dblp computer science bibliography, http://dblp.org}
}

@inproceedings{pdr,
  author    = {Niklas E{\'{e}}n and
               Alan Mishchenko and
               Robert K. Brayton},
  title     = {Efficient implementation of property directed reachability},
  booktitle = {International Conference on Formal Methods in Computer-Aided Design,
               {FMCAD} '11, Austin, TX, USA, October 30 - November 02, 2011},
  pages     = {125--134},
  year      = {2011},
  crossref  = {DBLP:conf/fmcad/2011},
  url       = {http://dl.acm.org/citation.cfm?id=2157675},
  timestamp = {Wed, 17 Feb 2016 13:10:41 +0100},
  biburl    = {http://dblp.uni-trier.de/rec/bib/conf/fmcad/EenMB11},
  bibsource = {dblp computer science bibliography, http://dblp.org}
}

@inproceedings{DBLP:conf/cade/EmersonK00,
  author    = {E. Allen Emerson and
               Vineet Kahlon},
  title     = {Reducing Model Checking of the Many to the Few},
  booktitle = {Automated Deduction - CADE-17, 17th International Conference on Automated
               Deduction, Pittsburgh, PA, USA, June 17-20, 2000, Proceedings},
  pages     = {236--254},
  year      = {2000},
  crossref  = {DBLP:conf/cade/2000},
  url       = {http://dx.doi.org/10.1007/10721959_19},
  doi       = {10.1007/10721959_19},
  timestamp = {Mon, 12 Oct 2009 14:14:26 +0200},
  biburl    = {http://dblp.uni-trier.de/rec/bib/conf/cade/EmersonK00},
  bibsource = {dblp computer science bibliography, http://dblp.org}
}

@Inbook{mcmt,
author="Ghilardi, Silvio
and Ranise, Silvio",
editor="Giesl, J{\"u}rgen
and H{\"a}hnle, Reiner",
title="MCMT: A Model Checker Modulo Theories",
bookTitle="Automated Reasoning: 5th International Joint Conference, IJCAR 2010, Edinburgh, UK, July 16-19, 2010. Proceedings",
year="2010",
publisher="Springer Berlin Heidelberg",
address="Berlin, Heidelberg",
pages="22--29",
isbn="978-3-642-14203-1",
doi="10.1007/978-3-642-14203-1_3",
url="http://dx.doi.org/10.1007/978-3-642-14203-1_3"
}

@inproceedings{cubicle,
  author    = {Sylvain Conchon and
               Amit Goel and
               Sava Krstic and
               Alain Mebsout and
               Fatiha Za{\"{\i}}di},
  title     = {Invariants for finite instances and beyond},
  booktitle = {Formal Methods in Computer-Aided Design, {FMCAD} 2013, Portland, OR,
               USA, October 20-23, 2013},
  pages     = {61--68},
  year      = {2013},
  nocrossref  = {DBLP:conf/fmcad/2013},
  url       = {http://ieeexplore.ieee.org/xpl/freeabs_all.jsp?arnumber=6679392},
  timestamp = {Wed, 11 Dec 2013 12:09:47 +0100},
  biburl    = {http://dblp.uni-trier.de/rec/bib/conf/fmcad/ConchonGKMZ13},
  bibsource = {dblp computer science bibliography, http://dblp.org}
}
@proceedings{DBLP:conf/fmcad/2013,
  title     = {Formal Methods in Computer-Aided Design, {FMCAD} 2013, Portland, OR,
               USA, October 20-23, 2013},
  publisher = {{IEEE}},
  year      = {2013},
  url       = {http://ieeexplore.ieee.org/xpl/mostRecentIssue.jsp?punumber=6675286},
  timestamp = {Wed, 11 Dec 2013 10:10:04 +0100},
  biburl    = {http://dblp.uni-trier.de/rec/bib/conf/fmcad/2013},
  bibsource = {dblp computer science bibliography, http://dblp.org}
}

@inproceedings{cubicle-tool,
  author    = {Sylvain Conchon and
               Amit Goel and
               Sava Krstic and
               Alain Mebsout and
               Fatiha Za{\"{\i}}di},
  title     = {{Cubicle: A Parallel SMT-Based Model Checker for Parameterized Systems - Tool Paper}},
  booktitle = {Computer Aided Verification - 24th International Conference, {CAV}
               2012, Berkeley, CA, USA, July 7-13, 2012 Proceedings},
  pages     = {718--724},
  year      = {2012},
  nocrossref  = {DBLP:conf/cav/2012},
  url       = {http://dx.doi.org/10.1007/978-3-642-31424-7_55},
  doi       = {10.1007/978-3-642-31424-7_55},
  timestamp = {Tue, 03 Jul 2012 08:52:37 +0200},
  biburl    = {http://dblp.uni-trier.de/rec/bib/conf/cav/ConchonGKMZ12},
  bibsource = {dblp computer science bibliography, http://dblp.org}
}
@proceedings{DBLP:conf/cav/2012,
  editor    = {P. Madhusudan and
               Sanjit A. Seshia},
  title     = {Computer Aided Verification - 24th International Conference, {CAV}
               2012, Berkeley, CA, USA, July 7-13, 2012 Proceedings},
  series    = {Lecture Notes in Computer Science},
  volume    = {7358},
  publisher = {Springer},
  year      = {2012},
  url       = {http://dx.doi.org/10.1007/978-3-642-31424-7},
  doi       = {10.1007/978-3-642-31424-7},
  isbn      = {978-3-642-31423-0},
  timestamp = {Tue, 03 Jul 2012 08:38:09 +0200},
  biburl    = {http://dblp.uni-trier.de/rec/bib/conf/cav/2012},
  bibsource = {dblp computer science bibliography, http://dblp.org}
}

@inproceedings{DBLP:conf/cav/0001LMN14,
  author    = {Pranav Garg and
               Christof L{\"{o}}ding and
               P. Madhusudan and
               Daniel Neider},
  title     = {{ICE:} {A} Robust Framework for Learning Invariants},
  booktitle = {Computer Aided Verification - 26th International Conference, {CAV}
               2014, Held as Part of the Vienna Summer of Logic, {VSL} 2014, Vienna,
               Austria, July 18-22, 2014. Proceedings},
  pages     = {69--87},
  year      = {2014},
  crossref  = {DBLP:conf/cav/2014},
  url       = {http://dx.doi.org/10.1007/978-3-319-08867-9_5},
  doi       = {10.1007/978-3-319-08867-9_5},
  timestamp = {Mon, 30 Jun 2014 11:31:20 +0200},
  biburl    = {http://dblp.uni-trier.de/rec/bib/conf/cav/0001LMN14},
  bibsource = {dblp computer science bibliography, http://dblp.org}
}

@article{DBLP:journals/scp/ErnstPGMPTX07,
  author    = {Michael D. Ernst and
               Jeff H. Perkins and
               Philip J. Guo and
               Stephen McCamant and
               Carlos Pacheco and
               Matthew S. Tschantz and
               Chen Xiao},
  title     = {The Daikon system for dynamic detection of likely invariants},
  journal   = {Sci. Comput. Program.},
  volume    = {69},
  number    = {1-3},
  pages     = {35--45},
  year      = {2007},
  url       = {http://dx.doi.org/10.1016/j.scico.2007.01.015},
  doi       = {10.1016/j.scico.2007.01.015},
  timestamp = {Mon, 31 Dec 2007 15:45:39 +0100},
  biburl    = {http://dblp.uni-trier.de/rec/bib/journals/scp/ErnstPGMPTX07},
  bibsource = {dblp computer science bibliography, http://dblp.org}
}

@article{DBLP:journals/sttt/GuptaMR13,
  author    = {Ashutosh Gupta and
               Rupak Majumdar and
               Andrey Rybalchenko},
  title     = {From tests to proofs},
  journal   = {{STTT}},
  volume    = {15},
  number    = {4},
  pages     = {291--303},
  year      = {2013},
  url       = {http://dx.doi.org/10.1007/s10009-012-0267-5},
  doi       = {10.1007/s10009-012-0267-5},
  timestamp = {Mon, 22 Jul 2013 11:22:38 +0200},
  biburl    = {http://dblp.uni-trier.de/rec/bib/journals/sttt/GuptaMR13},
  bibsource = {dblp computer science bibliography, http://dblp.org}
}

@inproceedings{DBLP:conf/icse/NguyenKWF14,
  author    = {ThanhVu Nguyen and
               Deepak Kapur and
               Westley Weimer and
               Stephanie Forrest},
  title     = {Using dynamic analysis to generate disjunctive invariants},
  booktitle = {36th International Conference on Software Engineering, {ICSE} '14,
               Hyderabad, India - May 31 - June 07, 2014},
  pages     = {608--619},
  year      = {2014},
  crossref  = {DBLP:conf/icse/2014},
  url       = {http://doi.acm.org/10.1145/2568225.2568275},
  doi       = {10.1145/2568225.2568275},
  timestamp = {Sun, 18 May 2014 16:12:57 +0200},
  biburl    = {http://dblp.uni-trier.de/rec/bib/conf/icse/NguyenKWF14},
  bibsource = {dblp computer science bibliography, http://dblp.org}
}

@inproceedings{DBLP:conf/sas/0001GHAN13,
  author    = {Rahul Sharma and
               Saurabh Gupta and
               Bharath Hariharan and
               Alex Aiken and
               Aditya V. Nori},
  title     = {Verification as Learning Geometric Concepts},
  booktitle = {Static Analysis - 20th International Symposium, {SAS} 2013, Seattle,
               WA, USA, June 20-22, 2013. Proceedings},
  pages     = {388--411},
  year      = {2013},
  crossref  = {DBLP:conf/sas/2013},
  url       = {http://dx.doi.org/10.1007/978-3-642-38856-9_21},
  doi       = {10.1007/978-3-642-38856-9_21},
  timestamp = {Mon, 17 Jun 2013 13:05:16 +0200},
  biburl    = {http://dblp.uni-trier.de/rec/bib/conf/sas/0001GHAN13},
  bibsource = {dblp computer science bibliography, http://dblp.org}
}

@article{DBLP:journals/fmsd/SharmaA16,
  author    = {Rahul Sharma and
               Alex Aiken},
  title     = {From invariant checking to invariant inference using randomized search},
  journal   = {Formal Methods in System Design},
  volume    = {48},
  number    = {3},
  pages     = {235--256},
  year      = {2016},
  url       = {http://dx.doi.org/10.1007/s10703-016-0248-5},
  doi       = {10.1007/s10703-016-0248-5},
  timestamp = {Thu, 01 Sep 2016 07:45:17 +0200},
  biburl    = {http://dblp.uni-trier.de/rec/bib/journals/fmsd/SharmaA16},
  bibsource = {dblp computer science bibliography, http://dblp.org}
}

@inproceedings{OGIS,
  author    = {Susmit Jha and
               Sumit Gulwani and
               Sanjit A. Seshia and
               Ashish Tiwari},
  title     = {Oracle-guided component-based program synthesis},
  booktitle = {Proceedings of the 32nd {ACM/IEEE} International Conference on Software
               Engineering - Volume 1, {ICSE} 2010, Cape Town, South Africa, 1-8
               May 2010},
  pages     = {215--224},
  year      = {2010},
  crossref  = {DBLP:conf/icse/2010-1},
  url       = {http://doi.acm.org/10.1145/1806799.1806833},
  doi       = {10.1145/1806799.1806833},
  timestamp = {Sun, 06 Jun 2010 12:25:52 +0200},
  biburl    = {http://dblp.uni-trier.de/rec/bib/conf/icse/JhaGST10},
  bibsource = {dblp computer science bibliography, http://dblp.org}
}

@phdthesis{CEGIS,
 author = {Solar-Lezama, Armando},
 advisor = {Bodik, Rastislav},
 title = {Program Synthesis by Sketching},
 year = {2008},
 isbn = {978-1-109-09745-0},
 note = {AAI3353225},
 publisher = {University of California at Berkeley},
 address = {Berkeley, CA, USA},
}

@article{DBLP:journals/jcss/GoldmanK95,
  author    = {Sally A. Goldman and
               Michael J. Kearns},
  title     = {On the Complexity of Teaching},
  journal   = {J. Comput. Syst. Sci.},
  volume    = {50},
  number    = {1},
  pages     = {20--31},
  year      = {1995},
  url       = {http://dx.doi.org/10.1006/jcss.1995.1003},
  doi       = {10.1006/jcss.1995.1003},
  timestamp = {Tue, 05 Jul 2011 11:10:59 +0200},
  biburl    = {http://dblp.uni-trier.de/rec/bib/journals/jcss/GoldmanK95},
  bibsource = {dblp computer science bibliography, http://dblp.org}
}


@inproceedings{apron,
  author    = {Bertrand Jeannet and
               Antoine Min{\'{e}}},
  title     = {Apron: {A} Library of Numerical Abstract Domains for Static Analysis},
  booktitle = {Computer Aided Verification, 21st International Conference, {CAV}
               2009, Grenoble, France, June 26 - July 2, 2009. Proceedings},
  pages     = {661--667},
  year      = {2009},
  crossref  = {DBLP:conf/cav/2009},
  url       = {http://dx.doi.org/10.1007/978-3-642-02658-4_52},
  doi       = {10.1007/978-3-642-02658-4_52},
  timestamp = {Thu, 25 Jun 2009 12:22:34 +0200},
  biburl    = {http://dblp.uni-trier.de/rec/bib/conf/cav/JeannetM09},
  bibsource = {dblp computer science bibliography, http://dblp.org}
}

@article{toplas02,
  author    = {Shmuel Sagiv and
               Thomas W. Reps and
               Reinhard Wilhelm},
  title     = {Parametric shape analysis via 3-valued logic},
  journal   = {{ACM} Trans. Program. Lang. Syst.},
  volume    = {24},
  number    = {3},
  pages     = {217--298},
  year      = {2002},
  url       = {http://doi.acm.org/10.1145/514188.514190},
  doi       = {10.1145/514188.514190},
  timestamp = {Wed, 26 Nov 2003 14:26:48 +0100},
  biburl    = {http://dblp.uni-trier.de/rec/bib/journals/toplas/SagivRW02},
  bibsource = {dblp computer science bibliography, http://dblp.org}
}

@inproceedings{DBLP:conf/sosp/ChenZCCKZ15,
  author    = {Haogang Chen and
               Daniel Ziegler and
               Tej Chajed and
               Adam Chlipala and
               M. Frans Kaashoek and
               Nickolai Zeldovich},
  title     = {Using Crash Hoare logic for certifying the {FSCQ} file system},
  booktitle = {Proceedings of the 25th Symposium on Operating Systems Principles,
               {SOSP} 2015, Monterey, CA, USA, October 4-7, 2015},
  pages     = {18--37},
  year      = {2015},
  url       = {http://doi.acm.org/10.1145/2815400.2815402},
  doi       = {10.1145/2815400.2815402},
  timestamp = {Fri, 02 Oct 2015 08:59:57 +0200},
  biburl    = {http://dblp.uni-trier.de/rec/bib/conf/sosp/ChenZCCKZ15},
  bibsource = {dblp computer science bibliography, http://dblp.org}
}

@inproceedings{Verdi,
  author    = {James R. Wilcox and
               Doug Woos and
               Pavel Panchekha and
               Zachary Tatlock and
               Xi Wang and
               Michael D. Ernst and
               Thomas E. Anderson},
  title     = {Verdi: a framework for implementing and formally verifying distributed
               systems},
  booktitle = {Proceedings of the 36th {ACM} {SIGPLAN} Conference on Programming
               Language Design and Implementation, Portland, OR, USA, June 15-17,
               2015},
  pages     = {357--368},
  year      = {2015}
  }

@inproceedings{DBLP:conf/pldi/MollerS01,
  author    = {Anders M{\o}ller and
               Michael I. Schwartzbach},
  title     = {The Pointer Assertion Logic Engine},
  booktitle = {Proceedings of the 2001 {ACM} {SIGPLAN} Conference on Programming
               Language Design and Implementation (PLDI), Snowbird, Utah, USA, June
               20-22, 2001},
  pages     = {221--231},
  year      = {2001},
  crossref  = {DBLP:conf/pldi/2001},
  url       = {http://doi.acm.org/10.1145/378795.378851},
  doi       = {10.1145/378795.378851},
  timestamp = {Mon, 21 May 2012 16:19:53 +0200},
  biburl    = {http://dblp.uni-trier.de/rec/bib/conf/pldi/MollerS01},
  bibsource = {dblp computer science bibliography, http://dblp.org}
}

@inproceedings{DBLP:conf/sas/MadhusudanQ11,
  author    = {P. Madhusudan and
               Xiaokang Qiu},
  title     = {Efficient Decision Procedures for Heaps Using {STRAND}},
  booktitle = {Static Analysis - 18th International Symposium, {SAS} 2011, Venice,
               Italy, September 14-16, 2011. Proceedings},
  pages     = {43--59},
  year      = {2011},
  crossref  = {DBLP:conf/sas/2011},
  url       = {http://dx.doi.org/10.1007/978-3-642-23702-7_8},
  doi       = {10.1007/978-3-642-23702-7_8},
  timestamp = {Tue, 13 Sep 2011 19:16:36 +0200},
  biburl    = {http://dblp.uni-trier.de/rec/bib/conf/sas/MadhusudanQ11},
  bibsource = {dblp computer science bibliography, http://dblp.org}
}

@inproceedings{DBLP:conf/atva/BouajjaniDES12,
  author    = {Ahmed Bouajjani and
               Cezara Dragoi and
               Constantin Enea and
               Mihaela Sighireanu},
  title     = {Accurate Invariant Checking for Programs Manipulating Lists and Arrays
               with Infinite Data},
  booktitle = {Automated Technology for Verification and Analysis - 10th International
               Symposium, {ATVA} 2012, Thiruvananthapuram, India, October 3-6, 2012.
               Proceedings},
  pages     = {167--182},
  year      = {2012},
  crossref  = {DBLP:conf/atva/2012},
  url       = {http://dx.doi.org/10.1007/978-3-642-33386-6_14},
  doi       = {10.1007/978-3-642-33386-6_14},
  timestamp = {Sun, 14 Oct 2012 17:23:28 +0200},
  biburl    = {http://dblp.dagstuhl.de/rec/bib/conf/atva/BouajjaniDES12},
  bibsource = {dblp computer science bibliography, http://dblp.org}
}


@inproceedings{dafny_icse,
  author    = {K. Rustan M. Leino},
  title     = {Developing verified programs with dafny},
  booktitle = {35th International Conference on Software Engineering, {ICSE} '13,
               San Francisco, CA, USA, May 18-26, 2013},
  pages     = {1488--1490},
  year      = {2013},
  crossref  = {DBLP:conf/icse/2013},
  url       = {http://dx.doi.org/10.1109/ICSE.2013.6606754},
  doi       = {10.1109/ICSE.2013.6606754},
  timestamp = {Wed, 04 May 2016 09:04:15 +0200},
  biburl    = {http://dblp.uni-trier.de/rec/bib/conf/icse/Leino04},
  bibsource = {dblp computer science bibliography, http://dblp.org}
}

@book{alloy,
 author = {Jackson, Daniel},
 title = {Software Abstractions: Logic, Language, and Analysis},
 year = {2006},
 isbn = {0262101149},
 publisher = {The MIT Press},
}

@book{tla,
 author = {Lamport, Leslie},
 title = {Specifying Systems: The TLA+ Language and Tools for Hardware and Software Engineers},
 year = {2002},
 isbn = {032114306X},
 publisher = {Addison-Wesley Longman Publishing Co., Inc.},
 address = {Boston, MA, USA},
}

@techreport{NIST03,
    Author = {Gregory Tassey},
    Institution = {National Institute of Standards and Technology (USA)},
    Title = {The Economic Impacts of Inadequate Infrastructure for Software Testing},
    Year = {2002},
    note = {http://www.nist.gov/director/planning/upload/report02-3.pdf}}

@article{bdds,
  author    = {Randal E. Bryant},
  title     = {Graph-Based Algorithms for Boolean Function Manipulation},
  journal   = {{IEEE} Trans. Computers},
  volume    = {35},
  number    = {8},
  pages     = {677--691},
  year      = {1986},
  url       = {http://dx.doi.org/10.1109/TC.1986.1676819},
  doi       = {10.1109/TC.1986.1676819},
  timestamp = {Tue, 22 Dec 2015 15:20:24 +0100},
  biburl    = {http://dblp.uni-trier.de/rec/bib/journals/tc/Bryant86},
  bibsource = {dblp computer science bibliography, http://dblp.org}
}

@article{bdd-mc,
  author    = {Jerry R. Burch and
               Edmund M. Clarke and
               Kenneth L. McMillan and
               David L. Dill and
               L. J. Hwang},
  title     = {Symbolic Model Checking: 10{\^{}}20 States and Beyond},
  journal   = {Inf. Comput.},
  volume    = {98},
  number    = {2},
  pages     = {142--170},
  year      = {1992},
  url       = {http://dx.doi.org/10.1016/0890-5401(92)90017-A},
  doi       = {10.1016/0890-5401(92)90017-A},
  timestamp = {Wed, 06 Jul 2011 21:23:48 +0200},
  biburl    = {http://dblp.uni-trier.de/rec/bib/journals/iandc/BurchCMDH92},
  bibsource = {dblp computer science bibliography, http://dblp.org}
}

@inproceedings{interpolation,
  author    = {Kenneth L. McMillan},
  title     = {Interpolation and SAT-Based Model Checking},
  booktitle = {Computer Aided Verification, 15th International Conference, {CAV}
               2003, Boulder, CO, USA, July 8-12, 2003, Proceedings},
  pages     = {1--13},
  year      = {2003},
  crossref  = {DBLP:conf/cav/2003},
  url       = {http://dx.doi.org/10.1007/978-3-540-45069-6_1},
  doi       = {10.1007/978-3-540-45069-6_1},
  timestamp = {Fri, 22 Nov 2013 12:57:23 +0100},
  biburl    = {http://dblp.uni-trier.de/rec/bib/conf/cav/McMillan03},
  bibsource = {dblp computer science bibliography, http://dblp.org}
}

@inproceedings{bmc,
  author    = {Armin Biere and
               Alessandro Cimatti and
               Edmund M. Clarke and
               Yunshan Zhu},
  title     = {Symbolic Model Checking without {BDDs}},
  booktitle = {Tools and Algorithms for Construction and Analysis of Systems, 5th
               International Conference, {TACAS} '99, Held as Part of the European
               Joint Conferences on the Theory and Practice of Software, ETAPS'99,
               Amsterdam, The Netherlands, March 22-28, 1999, Proceedings},
  pages     = {193--207},
  year      = {1999},
  crossref  = {DBLP:conf/tacas/1999},
  url       = {http://dx.doi.org/10.1007/3-540-49059-0_14},
  doi       = {10.1007/3-540-49059-0_14},
  timestamp = {Fri, 17 Jun 2011 14:14:03 +0200},
  biburl    = {http://dblp.uni-trier.de/rec/bib/conf/tacas/BiereCCZ99},
  bibsource = {dblp computer science bibliography, http://dblp.org}
}

@book{por-Godefroid,
 author = {Godefroid, Patrice},
 editor = {Leeuwen, J. van and Hartmanis, J. and Goos, G.},
 title = {Partial-Order Methods for the Verification of Concurrent Systems: An Approach to the State-Explosion Problem},
 year = {1996},
 isbn = {3540607617},
 publisher = {Springer-Verlag New York, Inc.},
 address = {Secaucus, NJ, USA},
}

@inproceedings{por-peled,
  author    = {Doron A. Peled},
  title     = {All from One, One for All: on Model Checking Using Representatives},
  booktitle = {Computer Aided Verification, 5th International Conference, {CAV} '93,
               Elounda, Greece, June 28 - July 1, 1993, Proceedings},
  pages     = {409--423},
  year      = {1993},
  crossref  = {DBLP:conf/cav/1993},
  url       = {http://dx.doi.org/10.1007/3-540-56922-7_34},
  doi       = {10.1007/3-540-56922-7_34},
  timestamp = {Fri, 12 Feb 2016 07:36:53 +0100},
  biburl    = {http://dblp.uni-trier.de/rec/bib/conf/cav/Peled93},
  bibsource = {dblp computer science bibliography, http://dblp.org}
}

@Inbook{slam-ifm04,
author="Ball, Thomas
and Cook, Byron
and Levin, Vladimir
and Rajamani, Sriram K.",
editor="Boiten, Eerke A.
and Derrick, John
and Smith, Graeme",
title="SLAM and Static Driver Verifier: Technology Transfer of Formal Methods inside Microsoft",
bookTitle="Integrated Formal Methods: 4th International Conference, IFM 2004, Cnaterbury, UK, April 4-7, 2004. Proceedings",
year="2004",
publisher="Springer Berlin Heidelberg",
address="Berlin, Heidelberg",
pages="1--20",
isbn="978-3-540-24756-2",
doi="10.1007/978-3-540-24756-2_1",
url="http://dx.doi.org/10.1007/978-3-540-24756-2_1"
}

@inproceedings{slam,
  author    = {Thomas Ball and
               Sriram K. Rajamani},
  title     = {The {SLAM} project: debugging system software via static analysis},
  booktitle = {Conference Record of {POPL} 2002: The 29th {SIGPLAN-SIGACT} Symposium
               on Principles of Programming Languages, Portland, OR, USA, January
               16-18, 2002},
  pages     = {1--3},
  year      = {2002},
  crossref  = {DBLP:conf/popl/2002},
  url       = {http://doi.acm.org/10.1145/503272.503274},
  doi       = {10.1145/503272.503274},
  timestamp = {Mon, 18 Mar 2013 08:38:35 +0100},
  biburl    = {http://dblp.uni-trier.de/rec/bib/conf/popl/BallR02},
  bibsource = {dblp computer science bibliography, http://dblp.org}
}

@article{Leader,
  title={An improved algorithm for decentralized extrema-finding in circular configurations of processes},
  author={Chang, Ernest and Roberts, Rosemary},
  journal={Communications of the ACM},
  volume={22},
  number={5},
  pages={281--283},
  year={1979},
  publisher={ACM}
}

@Inproceedings{Floyd67,
    author="Robert W. Floyd",
    title="Assigning Meanings to Programs",
    Booktitle="Proceedings of Symposium on Applied Mathematics",
    Voulume="19",
    Number ="32",
    Year="1967"
}

@inproceedings{updr,
  author    = {Aleksandr Karbyshev and
               Nikolaj Bj{\o}rner and
               Shachar Itzhaky and
               Noam Rinetzky and
               Sharon Shoham},
  title     = {Property-Directed Inference of Universal Invariants or Proving Their
               Absence},
  booktitle = {Computer Aided Verification - 27th International Conference, {CAV}
               2015, San Francisco, CA, USA, July 18-24, 2015, Proceedings, Part
               {I}},
  pages     = {583--602},
  year      = {2015},
  note      = {{\bf Accepted to Journal of the ACM (with minor revision)}},
  crossref  = {DBLP:conf/cav/2015-1},
  url       = {http://dx.doi.org/10.1007/978-3-319-21690-4_40},
  doi       = {10.1007/978-3-319-21690-4_40},
  timestamp = {Tue, 05 Jan 2016 12:38:04 +0100},
  biburl    = {http://dblp.uni-trier.de/rec/bib/conf/cav/KarbyshevBIRS15},
  bibsource = {dblp computer science bibliography, http://dblp.org}
}

@book{hol,
 author = {Nipkow, Tobias and Wenzel, Markus and Paulson, Lawrence C.},
 title = {Isabelle/HOL: A Proof Assistant for Higher-order Logic},
 year = {2002},
 isbn = {3-540-43376-7},
 publisher = {Springer-Verlag},
 address = {Berlin, Heidelberg},
}

@book{coq,
  author    = {Yves Bertot and
               Pierre Cast{\'{e}}ran},
  title     = {Interactive Theorem Proving and Program Development - Coq'Art: The
               Calculus of Inductive Constructions},
  series    = {Texts in Theoretical Computer Science. An {EATCS} Series},
  publisher = {Springer},
  year      = {2004},
  url       = {http://dx.doi.org/10.1007/978-3-662-07964-5},
  doi       = {10.1007/978-3-662-07964-5},
  isbn      = {978-3-642-05880-6},
  timestamp = {Wed, 09 Sep 2015 16:46:05 +0200},
  biburl    = {http://dblp.uni-trier.de/rec/bib/series/txtcs/BertotC04},
  bibsource = {dblp computer science bibliography, http://dblp.org}
}

@inproceedings{Ivy,
  author    = {Oded Padon and
               Kenneth L. McMillan and
               Aurojit Panda and
               Mooly Sagiv and
               Sharon Shoham},
  title     = {Ivy: safety verification by interactive generalization},
  booktitle = {Proceedings of the 37th {ACM} {SIGPLAN} Conference on Programming
               Language Design and Implementation, {PLDI} 2016, Santa Barbara, CA,
               USA, June 13-17, 2016},
  pages     = {614--630},
  year      = {2016}
}

@inproceedings{d3,
  author    = {Hila Peleg and
               Sharon Shoham and
               Eran Yahav},
  title     = {D{\^{}}3 : Data-Driven Disjunctive Abstraction},
  booktitle = {Verification, Model Checking, and Abstract Interpretation - 17th International
               Conference, {VMCAI} 2016, St. Petersburg, FL, USA, January 17-19,
               2016. Proceedings},
  pages     = {185--205},
  year      = {2016},
  crossref  = {DBLP:conf/vmcai/2016},
  url       = {http://dx.doi.org/10.1007/978-3-662-49122-5_9},
  doi       = {10.1007/978-3-662-49122-5_9},
  timestamp = {Tue, 05 Jan 2016 12:40:34 +0100},
  biburl    = {http://dblp.uni-trier.de/rec/bib/conf/vmcai/PelegSY16},
  bibsource = {dblp computer science bibliography, http://dblp.org}
}

@inproceedings{DBLP:conf/vmcai/BradleyMS06,
  author    = {Aaron R. Bradley and
               Zohar Manna and
               Henny B. Sipma},
  title     = {What's Decidable About Arrays?},
  booktitle = {Verification, Model Checking, and Abstract Interpretation, 7th International
               Conference, {VMCAI} 2006, Charleston, SC, USA, January 8-10, 2006,
               Proceedings},
  pages     = {427--442},
  year      = {2006},
  crossref  = {DBLP:conf/vmcai/2006},
  url       = {http://dx.doi.org/10.1007/11609773_28},
  doi       = {10.1007/11609773_28},
  timestamp = {Wed, 21 Dec 2005 14:41:43 +0100},
  biburl    = {http://dblp.uni-trier.de/rec/bib/conf/vmcai/BradleyMS06},
  bibsource = {dblp computer science bibliography, http://dblp.org}
}

@inproceedings{DBLP:conf/dagstuhl/Sofronie-StokkermansIJ07,
  author    = {Viorica Sofronie{-}Stokkermans and
               Carsten Ihlemann and
               Swen Jacobs},
  title     = {Local Theory Extensions, Hierarchical Reasoning and Applications to
               Verification},
  booktitle = {Deduction and Decision Procedures, 30.09. - 05.10.2007},
  year      = {2007},
  crossref  = {DBLP:conf/dagstuhl/2007P7401},
  url       = {http://drops.dagstuhl.de/opus/volltexte/2007/1250},
  timestamp = {Fri, 10 Apr 2015 16:51:57 +0200},
  biburl    = {http://dblp.uni-trier.de/rec/bib/conf/dagstuhl/Sofronie-StokkermansIJ07},
  bibsource = {dblp computer science bibliography, http://dblp.org}
}

@inproceedings{DBLP:conf/lics/GanzingerK03,
  author    = {Harald Ganzinger and
               Konstantin Korovin},
  title     = {New Directions in Instantiation-Based Theorem Proving},
  booktitle = {18th {IEEE} Symposium on Logic in Computer Science {(LICS} 2003),
               22-25 June 2003, Ottawa, Canada, Proceedings},
  pages     = {55--64},
  year      = {2003},
  crossref  = {DBLP:conf/lics/2003},
  url       = {http://dx.doi.org/10.1109/LICS.2003.1210045},
  doi       = {10.1109/LICS.2003.1210045},
  timestamp = {Fri, 21 Nov 2014 14:08:56 +0100},
  biburl    = {http://dblp.uni-trier.de/rec/bib/conf/lics/GanzingerK03},
  bibsource = {dblp computer science bibliography, http://dblp.org}
}

@article{DBLP:journals/jphil/AndrekaNB98,
  author    = {Hajnal Andr{\'{e}}ka and
               Istv{\'{a}}n N{\'{e}}meti and
               Johan van Benthem},
  title     = {Modal Languages and Bounded Fragments of Predicate Logic},
  journal   = {J. Philosophical Logic},
  volume    = {27},
  number    = {3},
  pages     = {217--274},
  year      = {1998},
  url       = {http://dx.doi.org/10.1023/A:1004275029985},
  doi       = {10.1023/A:1004275029985},
  timestamp = {Tue, 07 Jul 2015 18:14:44 +0200},
  biburl    = {http://dblp.uni-trier.de/rec/bib/journals/jphil/AndrekaNB98},
  bibsource = {dblp computer science bibliography, http://dblp.org}
}


@article{LEWIS1980317,
title = "Complexity results for classes of quantificational formulas",
journal = "Journal of Computer and System Sciences",
volume = "21",
number = "3",
pages = "317 - 353",
year = "1980",
note = "",
author = "Harry R. Lewis",
}

@inproceedings{DBLP:conf/sas/ManevichSRF04,
  author    = {Roman Manevich and
               Shmuel Sagiv and
               Ganesan Ramalingam and
               John Field},
  title     = {Partially Disjunctive Heap Abstraction},
  booktitle = {Static Analysis, 11th International Symposium, {SAS} 2004, Verona,
               Italy, August 26-28, 2004, Proceedings},
  pages     = {265--279},
  year      = {2004},
  crossref  = {DBLP:conf/sas/2004},
  url       = {http://dx.doi.org/10.1007/978-3-540-27864-1_20},
  doi       = {10.1007/978-3-540-27864-1_20},
  timestamp = {Thu, 07 Jul 2011 15:49:51 +0200},
  biburl    = {http://dblp.uni-trier.de/rec/bib/conf/sas/ManevichSRF04},
  bibsource = {dblp computer science bibliography, http://dblp.org}
}

@inproceedings{DBLP:conf/cav/YangLBCCDO08,
  author    = {Hongseok Yang and
               Oukseh Lee and
               Josh Berdine and
               Cristiano Calcagno and
               Byron Cook and
               Dino Distefano and
               Peter W. O'Hearn},
  title     = {Scalable Shape Analysis for Systems Code},
  booktitle = {Computer Aided Verification, 20th International Conference, {CAV}
               2008, Princeton, NJ, USA, July 7-14, 2008, Proceedings},
  pages     = {385--398},
  year      = {2008},
  crossref  = {DBLP:conf/cav/2008},
  url       = {http://dx.doi.org/10.1007/978-3-540-70545-1_36},
  doi       = {10.1007/978-3-540-70545-1_36},
  timestamp = {Tue, 08 Jul 2008 14:46:07 +0200},
  biburl    = {http://dblp.uni-trier.de/rec/bib/conf/cav/YangLBCCDO08},
  bibsource = {dblp computer science bibliography, http://dblp.org}
}

@article{OwickiGries,
  author    = {Susan S. Owicki and
               David Gries},
  title     = {Verifying Properties of Parallel Programs: An Axiomatic Approach},
  journal   = {Commun. {ACM}},
  volume    = {19},
  number    = {5},
  pages     = {279--285},
  year      = {1976},
  url       = {http://doi.acm.org/10.1145/360051.360224},
  doi       = {10.1145/360051.360224},
  timestamp = {Tue, 07 Jun 2011 16:51:03 +0200},
  biburl    = {http://dblp.uni-trier.de/rec/bib/journals/cacm/OwickiG76},
  bibsource = {dblp computer science bibliography, http://dblp.org}
}

@inproceedings{Jones83,
  author    = {Cliff B. Jones},
  title     = {Specification and Design of (Parallel) Programs},
  booktitle = {{IFIP} Congress},
  pages     = {321--332},
  year      = {1983},
  timestamp = {Thu, 03 Jan 2002 12:03:22 +0100},
  biburl    = {http://dblp.uni-trier.de/rec/bib/conf/ifip/Jones83},
  bibsource = {dblp computer science bibliography, http://dblp.org}
}

@inproceedings{cpr,
  author    = {Arie Gurfinkel and Sharon Shoham and Yuri Meshman},
  title     = {{SMT}-Based Verification of Parameterized Systems},
  booktitle = {ACM SIGSOFT International Symposium on the Foundations of Software Engineering, to appear},
  year      = {2016}
}

@inproceedings{DBLP:conf/popl/PadonISKS16,
  author    = {Oded Padon and
               Neil Immerman and
               Sharon Shoham and
               Aleksandr Karbyshev and
               Mooly Sagiv},
  title     = {Decidability of inferring inductive invariants},
  booktitle = {Proceedings of the 43rd Annual {ACM} {SIGPLAN-SIGACT} Symposium on
               Principles of Programming Languages, {POPL} 2016, St. Petersburg,
               FL, USA, January 20 - 22, 2016},
  pages     = {217--231},
  year      = {2016},
  crossref  = {DBLP:conf/popl/2016},
  url       = {http://doi.acm.org/10.1145/2837614.2837640},
  doi       = {10.1145/2837614.2837640},
  timestamp = {Wed, 09 Mar 2016 08:11:59 +0100},
  biburl    = {http://dblp.uni-trier.de/rec/bib/conf/popl/PadonISKS16},
  bibsource = {dblp computer science bibliography, http://dblp.org}
}

@article{DBLP:journals/cacm/Hoare69,
  author    = {C. A. R. Hoare},
  title     = {An Axiomatic Basis for Computer Programming},
  journal   = {Commun. {ACM}},
  volume    = {12},
  number    = {10},
  pages     = {576--580},
  year      = {1969},
  url       = {http://doi.acm.org/10.1145/363235.363259},
  doi       = {10.1145/363235.363259},
  timestamp = {Thu, 20 Nov 2003 13:06:13 +0100},
  biburl    = {http://dblp.uni-trier.de/rec/bib/journals/cacm/Hoare69},
  bibsource = {dblp computer science bibliography, http://dblp.org}
}

@book{DBLP:books/ph/Dijkstra76,
  author    = {Edsger W. Dijkstra},
  title     = {A Discipline of Programming},
  publisher = {Prentice-Hall},
  year      = {1976},
  timestamp = {Thu, 03 Jan 2002 11:51:39 +0100},
  biburl    = {http://dblp2.uni-trier.de/rec/bib/books/ph/Dijkstra76},
  bibsource = {dblp computer science bibliography, http://dblp.org}
}

@inproceedings{IronClad,
  author    = {Chris Hawblitzel and
               Jon Howell and
               Jacob R. Lorch and
               Arjun Narayan and
               Bryan Parno and
               Danfeng Zhang and
               Brian Zill},
  title     = {Ironclad Apps: End-to-End Security via Automated Full-System Verification},
  booktitle = {11th {USENIX} Symposium on Operating Systems Design and Implementation,
               {OSDI} '14, Broomfield, CO, USA, October 6-8, 2014.},
  pages     = {165--181},
  year      = {2014},
  crossref  = {DBLP:conf/osdi/2014},
  url       = {https://www.usenix.org/conference/osdi14/technical-sessions/presentation/hawblitzel},
  timestamp = {Tue, 18 Nov 2014 17:21:14 +0100},
  biburl    = {http://dblp.uni-trier.de/rec/bib/conf/osdi/HawblitzelHLNPZZ14},
  bibsource = {dblp computer science bibliography, http://dblp.org}
}

@inproceedings{DBLP:conf/tacas/HenriksenJJKPRS95,
  author    = {Jesper G. Henriksen and
               Jakob L. Jensen and
               Michael E. J{\o}rgensen and
               Nils Klarlund and
               Robert Paige and
               Theis Rauhe and
               Anders Sandholm},
  title     = {Mona: Monadic Second-Order Logic in Practice},
  booktitle = {Tools and Algorithms for Construction and Analysis of Systems, First
               International Workshop, {TACAS}},
  pages     = {89--110},
  year      = {1995},
}

@article{DBLP:journals/toplas/PaigeK82,
  author    = {Robert Paige and
               Shaye Koenig},
  title     = {Finite Differencing of Computable Expressions},
  journal   = {{ACM} Trans. Program. Lang. Syst.},
  volume    = {4},
  number    = {3},
  pages     = {402--454},
  year      = {1982},
  url       = {http://doi.acm.org/10.1145/357172.357177},
  doi       = {10.1145/357172.357177},
  timestamp = {Mon, 03 Apr 2006 11:19:31 +0200},
  biburl    = {http://dblp.uni-trier.de/rec/bib/journals/toplas/PaigeK82},
  bibsource = {dblp computer science bibliography, http://dblp.org}
}

@article{paxos,
  author    = {Leslie Lamport},
  title     = {The Part-Time Parliament},
  journal   = {{ACM} Trans. Comput. Syst.},
  volume    = {16},
  number    = {2},
  pages     = {133--169},
  year      = {1998},
  url       = {http://doi.acm.org/10.1145/279227.279229},
  doi       = {10.1145/279227.279229},
  timestamp = {Mon, 24 Nov 2003 07:58:44 +0100},
  biburl    = {http://dblp.uni-trier.de/rec/bib/journals/tocs/Lamport98},
  bibsource = {dblp computer science bibliography, http://dblp.org}
}

@article{paxos-made-simple,
author = {Lamport, Leslie},
title = {Paxos Made Simple},
booktitle = {},
year = {2001},
month = {December},
abstract = {At the PODC 2001 conference, I got tired of everyone saying how difficult it was to understand the Paxos algorithm, published in [122]. Although people got so hung up in the pseudo-Greek names that they found the paper hard to understand, the algorithm itself is very simple. So, I cornered a couple of people at the conference and explained the algorithm to them orally, with no paper. When I got home, I wrote down the explanation as a short note, which I later revised based on comments from Fred Schneider and Butler Lampson. The current version is 13 pages long, and contains no formula more complicated than n1 &gt; n2.},
publisher = {},
url = {https://www.microsoft.com/en-us/research/publication/paxos-made-simple/},
address = {},
pages = {51-58},
journal = {},
volume = {},
chapter = {},
isbn = {},
}

@article{flp,
 author = {Fischer, Michael J. and Lynch, Nancy A. and Paterson, Michael S.},
 title = {Impossibility of Distributed Consensus with One Faulty Process},
 journal = {J. ACM},
 issue_date = {April 1985},
 volume = {32},
 number = {2},
 month = apr,
 year = {1985},
 issn = {0004-5411},
 pages = {374--382},
 numpages = {9},
 url = {http://doi.acm.org/10.1145/3149.214121},
 doi = {10.1145/3149.214121},
 acmid = {214121},
 publisher = {ACM},
 address = {New York, NY, USA},
}

@inproceedings{raft,
  author    = {Diego Ongaro and
               John K. Ousterhout},
  title     = {In Search of an Understandable Consensus Algorithm},
  booktitle = {2014 {USENIX} Annual Technical Conference, {USENIX} {ATC} '14, Philadelphia,
               PA, USA, June 19-20, 2014.},
  pages     = {305--319},
  year      = {2014},
  url       = {https://www.usenix.org/conference/atc14/technical-sessions/presentation/ongaro},
  timestamp = {Wed, 10 Sep 2014 16:46:28 +0200},
  biburl    = {http://dblp.uni-trier.de/rec/bib/conf/usenix/OngaroO14},
  bibsource = {dblp computer science bibliography, http://dblp.org}
}

@article{DBLP:journals/cacm/Killalea16,
  author    = {Tom Killalea},
  title     = {The hidden dividends of microservices},
  journal   = {Commun. {ACM}},
  volume    = {59},
  number    = {8},
  pages     = {42--45},
  year      = {2016},
  url       = {http://doi.acm.org/10.1145/2948985},
  doi       = {10.1145/2948985},
  timestamp = {Wed, 03 Aug 2016 20:30:17 +0200},
  biburl    = {http://dblp2.uni-trier.de/rec/bib/journals/cacm/Killalea16},
  bibsource = {dblp computer science bibliography, http://dblp.org}
}

@misc{uber,
title = {\url{https://eng.uber.com/building-tincup/}}
}

@inproceedings{DBLP:conf/tacas/VelnerAPRSSS16,
  author    = {Yaron Velner and
               Kalev Alpernas and
               Aurojit Panda and
               Alexander Rabinovich and
               Mooly Sagiv and
               Scott Shenker and
               Sharon Shoham},
  title     = {Some Complexity Results for Stateful Network Verification},
  booktitle = {Tools and Algorithms for the Construction and Analysis of Systems
               - 22nd International Conference, {TACAS} 2016, Held as Part of the
               European Joint Conferences on Theory and Practice of Software, {ETAPS}
               2016, Eindhoven, The Netherlands, April 2-8, 2016, Proceedings},
  pages     = {811--830},
  year      = {2016},
  crossref  = {DBLP:conf/tacas/2016},
  url       = {http://dx.doi.org/10.1007/978-3-662-49674-9_51},
  doi       = {10.1007/978-3-662-49674-9_51},
  timestamp = {Mon, 11 Apr 2016 15:34:17 +0200},
  biburl    = {http://dblp.uni-trier.de/rec/bib/conf/tacas/VelnerAPRSSS16},
  bibsource = {dblp computer science bibliography, http://dblp.org}
}

@inproceedings{DBLP:conf/popl/PadonIKLSS15,
  author    = {Oded Padon and
               Neil Immerman and
               Aleksandr Karbyshev and
               Ori Lahav and
               Mooly Sagiv and
               Sharon Shoham},
  title     = {Decentralizing {SDN} Policies},
  booktitle = {Proceedings of the 42nd Annual {ACM} {SIGPLAN-SIGACT} Symposium on
               Principles of Programming Languages, {POPL} 2015, Mumbai, India, January
               15-17, 2015},
  pages     = {663--676},
  year      = {2015},
  crossref  = {DBLP:conf/popl/2015},
  url       = {http://doi.acm.org/10.1145/2676726.2676990},
  doi       = {10.1145/2676726.2676990},
  timestamp = {Sat, 20 Dec 2014 16:58:56 +0100},
  biburl    = {http://dblp.uni-trier.de/rec/bib/conf/popl/PadonIKLSS15},
  bibsource = {dblp computer science bibliography, http://dblp.org}
}

@article{vc,
author = {V. N. Vapnik and A. Ya. Chervonenkis},
title = {{On the Uniform Convergence of Relative Frequencies of Events to Their Probabilities}},
journal = {Theory of Probability and Its Applications},
volume = {16},
year = {1971},
issue = {2},
doi = {10.1137/1116025},
masid = {1300016}
}

@inproceedings{DBLP:conf/cav/CostanGGMP05,
  author    = {Alexandru Costan and
               Stephane Gaubert and
               Eric Goubault and
               Matthieu Martel and
               Sylvie Putot},
  title     = {A Policy Iteration Algorithm for Computing Fixed Points in Static
               Analysis of Programs},
  booktitle = {Computer Aided Verification, 17th International Conference, {CAV}
               2005, Edinburgh, Scotland, UK, July 6-10, 2005, Proceedings},
  pages     = {462--475},
  year      = {2005},
  crossref  = {DBLP:conf/cav/2005},
  url       = {http://dx.doi.org/10.1007/11513988_46},
  doi       = {10.1007/11513988_46},
  timestamp = {Thu, 28 Jul 2005 14:48:28 +0200},
  biburl    = {http://dblp.uni-trier.de/rec/bib/conf/cav/CostanGGMP05},
  bibsource = {dblp computer science bibliography, http://dblp.org}
}

@inproceedings{DBLP:conf/cav/LeinoP16,
  author    = {K. Rustan M. Leino and
               Cl{\'{e}}ment Pit{-}Claudel},
  title     = {Trigger Selection Strategies to Stabilize Program Verifiers},
  booktitle = {Computer Aided Verification - 28th International Conference, {CAV}
               2016, Toronto, ON, Canada, July 17-23, 2016, Proceedings, Part {I}},
  pages     = {361--381},
  year      = {2016},
  crossref  = {DBLP:conf/cav/2016-1},
  url       = {http://dx.doi.org/10.1007/978-3-319-41528-4_20},
  doi       = {10.1007/978-3-319-41528-4_20},
  timestamp = {Wed, 13 Jul 2016 09:36:42 +0200},
  biburl    = {http://dblp.uni-trier.de/rec/bib/conf/cav/LeinoP16},
  bibsource = {dblp computer science bibliography, http://dblp.org}
}

@inproceedings{DBLP:conf/cc/RideauL10,
  author    = {Silvain Rideau and
               Xavier Leroy},
  title     = {Validating Register Allocation and Spilling},
  booktitle = {Compiler Construction, 19th International Conference, {CC} 2010, Held
               as Part of the Joint European Conferences on Theory and Practice of
               Software, {ETAPS} 2010, Paphos, Cyprus, March 20-28, 2010. Proceedings},
  pages     = {224--243},
  year      = {2010},
  crossref  = {DBLP:conf/cc/2010},
  url       = {http://dx.doi.org/10.1007/978-3-642-11970-5_13},
  doi       = {10.1007/978-3-642-11970-5_13},
  timestamp = {Mon, 15 Mar 2010 20:05:10 +0100},
  biburl    = {http://dblp.uni-trier.de/rec/bib/conf/cc/RideauL10},
  bibsource = {dblp computer science bibliography, http://dblp.org}
}

@inproceedings{CousotEtAl06-ASIAN,
   author =    {P{.} Cousot and R{.} Cousot and J{.} Feret and L{.} Mauborgne and
                A{.} Miné and D{.} Monniaux and X{.} Rival},
   title =     {Combination of Abstractions in the \textsc{Astr\'ee}
                Static Analyzer},
   pages =     {1--24},
   booktitle = {Eleventh Annual Asian Computing Science Conference
               (ASIAN'06)},
   editor =    {M{.} Okada and I{.} Satoh},
   address =   {Tokyo, Japan, LNCS 4435},
   publisher = {Springer, Berlin},
   month =     dec # " 6--8",
   pages =     {272--300},
   year =      2007,
}

@inproceedings{DBLP:conf/popl/RepsHS95,
  author    = {Thomas W. Reps and
               Susan Horwitz and
               Shmuel Sagiv},
  title     = {Precise Interprocedural Dataflow Analysis via Graph Reachability},
  booktitle = {Conference Record of POPL'95: 22nd {ACM} {SIGPLAN-SIGACT} Symposium
               on Principles of Programming Languages, San Francisco, California,
               USA, January 23-25, 1995},
  pages     = {49--61},
  year      = {1995},
  crossref  = {DBLP:conf/popl/1995},
  url       = {http://doi.acm.org/10.1145/199448.199462},
  doi       = {10.1145/199448.199462},
  timestamp = {Mon, 10 Dec 2012 15:26:39 +0100},
  biburl    = {http://dblp.uni-trier.de/rec/bib/conf/popl/RepsHS95},
  bibsource = {dblp computer science bibliography, http://dblp.org}
}

@inproceedings{DBLP:conf/cade/GhilardiR10,
  author    = {Silvio Ghilardi and
               Silvio Ranise},
  title     = {{MCMT:} {A} Model Checker Modulo Theories},
  booktitle = {Automated Reasoning, 5th International Joint Conference, {IJCAR} 2010,
               Edinburgh, UK, July 16-19, 2010. Proceedings},
  pages     = {22--29},
  year      = {2010},
  nocrossref  = {DBLP:conf/cade/2010},
  url       = {http://dx.doi.org/10.1007/978-3-642-14203-1_3},
  doi       = {10.1007/978-3-642-14203-1_3},
  timestamp = {Tue, 25 Jan 2011 17:13:32 +0100},
  biburl    = {http://dblp.uni-trier.de/rec/bib/conf/cade/GhilardiR10},
  bibsource = {dblp computer science bibliography, http://dblp.org}
}

@inproceedings{DBLP:conf/cav/ConchonGKMZ12,
  author    = {Sylvain Conchon and
               Amit Goel and
               Sava Krstic and
               Alain Mebsout and
               Fatiha Za{\"{\i}}di},
  title     = {{Cubicle: A Parallel SMT-Based Model Checker for Parameterized Systems - Tool Paper}},
  booktitle = {Computer Aided Verification - 24th International Conference, {CAV}
               2012, Berkeley, CA, USA, July 7-13, 2012 Proceedings},
  pages     = {718--724},
  year      = {2012},
  nocrossref  = {DBLP:conf/cav/2012},
  url       = {http://dx.doi.org/10.1007/978-3-642-31424-7_55},
  doi       = {10.1007/978-3-642-31424-7_55},
  timestamp = {Tue, 03 Jul 2012 08:52:37 +0200},
  biburl    = {http://dblp.uni-trier.de/rec/bib/conf/cav/ConchonGKMZ12},
  bibsource = {dblp computer science bibliography, http://dblp.org}
}

@inproceedings{DBLP:conf/fmcad/ConchonGKMZ13,
  author    = {Sylvain Conchon and
               Amit Goel and
               Sava Krstic and
               Alain Mebsout and
               Fatiha Za{\"{\i}}di},
  title     = {Invariants for finite instances and beyond},
  booktitle = {Formal Methods in Computer-Aided Design, {FMCAD} 2013, Portland, OR,
               USA, October 20-23, 2013},
  pages     = {61--68},
  year      = {2013},
  nocrossref  = {DBLP:conf/fmcad/2013},
  url       = {http://ieeexplore.ieee.org/xpl/freeabs_all.jsp?arnumber=6679392},
  timestamp = {Wed, 11 Dec 2013 12:09:47 +0100},
  biburl    = {http://dblp.uni-trier.de/rec/bib/conf/fmcad/ConchonGKMZ13},
  bibsource = {dblp computer science bibliography, http://dblp.org}
}

@inproceedings{DBLP:journals/corr/HojjatRSY14,
  author    = {Hossein Hojjat and
               Philipp R{\"{u}}mmer and
               Pavle Subotic and
               Wang Yi},
  title     = {{Horn Clauses for Communicating Timed Systems}},
  booktitle = {Proceedings First Workshop on Horn Clauses for Verification and Synthesis,
               {HCVS} 2014, Vienna, Austria, 17 July 2014.},
  pages     = {39--52},
  year      = {2014},
  nocrossref  = {DBLP:journals/corr/BjornerFRS14},
  url       = {http://dx.doi.org/10.4204/EPTCS.169.6},
  doi       = {10.4204/EPTCS.169.6},
  timestamp = {Thu, 19 Mar 2015 16:18:19 +0100},
  biburl    = {http://dblp.uni-trier.de/rec/bib/journals/corr/HojjatRSY14},
  bibsource = {dblp computer science bibliography, http://dblp.org}
}

@misc{ice-ic3,
    author = {Yakir Vizel and Arie Gurfinkel and Sharon Shoham and Sharad Malik},
    title = {{IC3} - Flipping the {E} in {ICE}},
    note = {Submitted}
}

@misc{cme,
    author = {Asya Frumkin and Yotam M. Y. Feldman and Ond{\v r}ej Lhot{\'a}k and Oded Padon and Mooly
Sagiv and Sharon Shoham},
    title = {Property Directed Reachability for Proving
Absence of Concurrent Modification Errors},
    note = {Submitted}
}


@article{DBLP:journals/sttt/AbdullaHH16,
  author    = {Parosh Aziz Abdulla and
               Fr{\'{e}}d{\'{e}}ric Haziza and
               Luk{\'{a}}s Hol{\'{\i}}k},
  title     = {Parameterized verification through view abstraction},
  journal   = {{STTT}},
  volume    = {18},
  number    = {5},
  pages     = {495--516},
  year      = {2016},
  url       = {http://dx.doi.org/10.1007/s10009-015-0406-x},
  doi       = {10.1007/s10009-015-0406-x},
  timestamp = {Wed, 24 Aug 2016 16:34:21 +0200},
  biburl    = {http://dblp.uni-trier.de/rec/bib/journals/sttt/AbdullaHH16},
  bibsource = {dblp computer science bibliography, http://dblp.org}
}

@inproceedings{DBLP:conf/tacas/PnueliRZ01,
  author    = {Amir Pnueli and
               Sitvanit Ruah and
               Lenore D. Zuck},
  title     = {Automatic Deductive Verification with Invisible Invariants},
  booktitle = {Tools and Algorithms for the Construction and Analysis of Systems,
               7th International Conference, {TACAS} 2001 Held as Part of the Joint
               European Conferences on Theory and Practice of Software, {ETAPS} 2001
               Genova, Italy, April 2-6, 2001, Proceedings},
  pages     = {82--97},
  year      = {2001},
  crossref  = {DBLP:conf/tacas/2001},
  url       = {http://dx.doi.org/10.1007/3-540-45319-9_7},
  doi       = {10.1007/3-540-45319-9_7},
  timestamp = {Sat, 08 Dec 2012 19:34:35 +0100},
  biburl    = {http://dblp.uni-trier.de/rec/bib/conf/tacas/PnueliRZ01},
  bibsource = {dblp computer science bibliography, http://dblp.org}
}

@article{DBLP:journals/jacm/GermanS92,
  author    = {Steven M. German and
               A. Prasad Sistla},
  title     = {Reasoning about Systems with Many Processes},
  journal   = {J. {ACM}},
  volume    = {39},
  number    = {3},
  pages     = {675--735},
  year      = {1992},
  url       = {http://doi.acm.org/10.1145/146637.146681},
  doi       = {10.1145/146637.146681},
  timestamp = {Thu, 20 Nov 2003 12:28:09 +0100},
  biburl    = {http://dblp.uni-trier.de/rec/bib/journals/jacm/GermanS92},
  bibsource = {dblp computer science bibliography, http://dblp.org}
}

@article{DBLP:journals/iandc/AbdullaCJT00,
  author    = {Parosh Aziz Abdulla and
               Karlis Cerans and
               Bengt Jonsson and
               Yih{-}Kuen Tsay},
  title     = {Algorithmic Analysis of Programs with Well Quasi-ordered Domains},
  journal   = {Inf. Comput.},
  volume    = {160},
  number    = {1-2},
  pages     = {109--127},
  year      = {2000},
  url       = {http://dx.doi.org/10.1006/inco.1999.2843},
  doi       = {10.1006/inco.1999.2843},
  timestamp = {Wed, 06 Jul 2011 21:24:18 +0200},
  biburl    = {http://dblp.uni-trier.de/rec/bib/journals/iandc/AbdullaCJT00},
  bibsource = {dblp computer science bibliography, http://dblp.org}
}

@article{DBLP:journals/tcs/FinkelS01,
  author    = {Alain Finkel and
               Philippe Schnoebelen},
  title     = {Well-structured transition systems everywhere!},
  journal   = {Theor. Comput. Sci.},
  volume    = {256},
  number    = {1-2},
  pages     = {63--92},
  year      = {2001},
  url       = {http://dx.doi.org/10.1016/S0304-3975(00)00102-X},
  doi       = {10.1016/S0304-3975(00)00102-X},
  timestamp = {Tue, 12 May 2015 17:12:01 +0200},
  biburl    = {http://dblp.uni-trier.de/rec/bib/journals/tcs/FinkelS01},
  bibsource = {dblp computer science bibliography, http://dblp.org}
}

@book{Kaufmann:2000:CRA:555902,
 author = {Kaufmann, Matt and Moore, J. Strother and Manolios, Panagiotis},
 title = {Computer-Aided Reasoning: An Approach},
 year = {2000},
 isbn = {0792377443},
 publisher = {Kluwer Academic Publishers},
 address = {Norwell, MA, USA},
}

@inproceedings{DBLP:conf/sat/HyvarinenMAS16,
  author    = {Antti E. J. Hyv{\"{a}}rinen and
               Matteo Marescotti and
               Leonardo Alt and
               Natasha Sharygina},
  title     = {{OpenSMT2}: An {SMT} Solver for Multi-core and Cloud Computing},
  booktitle = {Theory and Applications of Satisfiability Testing - {SAT} 2016 - 19th
               International Conference, Bordeaux, France, July 5-8, 2016, Proceedings},
  pages     = {547--553},
  year      = {2016},
  crossref  = {DBLP:conf/sat/2016},
  url       = {http://dx.doi.org/10.1007/978-3-319-40970-2_35},
  doi       = {10.1007/978-3-319-40970-2_35},
  timestamp = {Mon, 13 Jun 2016 18:12:42 +0200},
  biburl    = {http://dblp.uni-trier.de/rec/bib/conf/sat/HyvarinenMAS16},
  bibsource = {dblp computer science bibliography, http://dblp.org}
}

@inproceedings{DBLP:conf/cav/BarrettCDHJKRT11,
  author    = {Clark Barrett and
               Christopher L. Conway and
               Morgan Deters and
               Liana Hadarean and
               Dejan Jovanovic and
               Tim King and
               Andrew Reynolds and
               Cesare Tinelli},
  title     = {{CVC4}},
  booktitle = {Computer Aided Verification - 23rd International Conference, {CAV}
               2011, Snowbird, UT, USA, July 14-20, 2011. Proceedings},
  pages     = {171--177},
  year      = {2011}
 }

@inproceedings{DBLP:conf/cade/Korovin08,
  author    = {Konstantin Korovin},
  title     = {{iProver} - An Instantiation-Based Theorem Prover for First-Order Logic
               (System Description)},
  booktitle = {Automated Reasoning, 4th International Joint Conference, {IJCAR} 2008,
               Sydney, Australia, August 12-15, 2008, Proceedings},
  pages     = {292--298},
  year      = {2008}
}

@inproceedings{guerraoui_indulgent_2000,
  location = {{New York, NY, USA}},
  title = {Indulgent {{Algorithms}} ({{Preliminary Version}})},
  isbn = {978-1-58113-183-3},
  booktitle = {Proceedings of the {{Nineteenth Annual ACM Symposium}} on {{Principles}} of {{Distributed Computing}}},
  series = {PODC '00},
  publisher = {{ACM}},
  author = {Guerraoui, Rachid},
  year = {2000},
  pages = {289--297}
}

@article{lamport_lower_2006,
  title = {Lower Bounds for Asynchronous Consensus},
  volume = {19},
  number = {2},
  journal = {Distributed Computing},
  author = {Lamport, Leslie},
  year = {2006},
  pages = {104--125}
}

@article{schneider_implementing_1990,
  title = {Implementing Fault-Tolerant Services Using the State Machine Approach: {{A}} Tutorial},
  volume = {22},
  shorttitle = {Implementing Fault-Tolerant Services Using the State Machine Approach},
  number = {4},
  journal = {ACM Computing Surveys (CSUR)},
  author = {Schneider, Fred B.},
  year = {1990},
  pages = {299--319}
}

@article{DiskPaxos-AFP,
  author  = {Mauro Jaskelioff and Stephan Merz},
  title   = {Proving the Correctness of Disk Paxos},
  journal = {Archive of Formal Proofs},
  month   = jun,
  year    = 2005,
  note    = {\url{http://isa-afp.org/entries/DiskPaxos.shtml},
             Formal proof development},
  ISSN    = {2150-914x},
}

@article{dragoi_psync:_2016,
  title = {{{PSync}}: A Partially Synchronous Language for Fault-Tolerant Distributed Algorithms},
  volume = {51},
  shorttitle = {{{PSync}}},
  number = {1},
  journal = {ACM SIGPLAN Notices},
  author = {Dragoi, Cezara and Henzinger, Thomas A. and Zufferey, Damien},
  year = {2016},
  pages = {400--415}
}

@inproceedings{chaudhuri_tla+proof_2010,
  location = {{Berlin, Heidelberg}},
  title = {The {{TLA}}+{{Proof System}}: {{Building}} a {{Heterogeneous Verification Platform}}},
  isbn = {978-3-642-14807-1},
  shorttitle = {The {{TLA}}+{{Proof System}}},
  booktitle = {Proceedings of the 7th {{International Colloquium Conference}} on {{Theoretical Aspects}} of {{Computing}}},
  series = {ICTAC'10},
  publisher = {{Springer-Verlag}},
  author = {Chaudhuri, Kaustuv and Doligez, Damien and Lamport, Leslie and Merz, Stephan},
  year = {2010},
  pages = {44--44}
}

@inproceedings{chand_formal_2016,
  title = {Formal {{Verification}} of {{Multi}}-{{Paxos}} for {{Distributed Consensus}}},
  booktitle = {{{FM}} 2016: {{Formal Methods}}: 21st {{International Symposium}}, {{Limassol}}, {{Cyprus}}, {{November}} 9-11, 2016, {{Proceedings}} 21},
  publisher = {{Springer}},
  author = {Chand, Saksham and Liu, Yanhong A. and Stoller, Scott D.},
  year = {2016},
  pages = {119--136}
}

@article{DistAlgo,
author="Yanhong A. Liu and Scott D. Stoller and Bo Lin",
title="From Clarity to Efficiency for Distributed Algorithms",
journal="ACM Transactions on Programming Languages and Systems",
volume=39,
number=3,
year=2017,
month=jul,
}

@inproceedings{dragoi_logic-based_2014,
  title = {A Logic-Based Framework for Verifying Consensus Algorithms},
  booktitle = {International {{Conference}} on {{Verification}}, {{Model Checking}}, and {{Abstract Interpretation}}},
  publisher = {{Springer}},
  author = {Dragoi, Cezara and Henzinger, Thomas A. and Veith, Helmut and Widder, Josef and Zufferey, Damien},
  year = {2014},
  pages = {161--181}
}

@inproceedings{lamport_vertical_2009,
  title = {Vertical Paxos and Primary-Backup Replication},
  booktitle = {Proceedings of the 28th {{ACM}} Symposium on {{Principles}} of Distributed Computing},
  publisher = {{ACM}},
  author = {Lamport, Leslie and Malkhi, Dahlia and Zhou, Lidong},
  year = {2009},
  pages = {312--313}
}

@article{charron-bost_heard-model:_2009,
  title = {The Heard-of Model: Computing in Distributed Systems with Benign Faults},
  volume = {22},
  shorttitle = {The Heard-of Model},
  number = {1},
  journal = {Distributed Computing},
  author = {Charron-Bost, Bernadette and Schiper, André},
  year = {2009},
  pages = {49--71}
}

@inproceedings{gafni_round-by-round_1998,
  location = {{New York, NY, USA}},
  title = {Round-by-Round {{Fault Detectors}} ({{Extended Abstract}}): {{Unifying Synchrony}} and {{Asynchrony}}},
  isbn = {978-0-89791-977-7},
  shorttitle = {Round-by-Round {{Fault Detectors}} ({{Extended Abstract}})},
  booktitle = {Proceedings of the {{Seventeenth Annual ACM Symposium}} on {{Principles}} of {{Distributed Computing}}},
  series = {PODC '98},
  publisher = {{ACM}},
  author = {Gafni, Eli},
  year = {1998},
  pages = {143--152}
}

@inproceedings{lynch_hierarchical_1987,
  title = {Hierarchical Correctness Proofs for Distributed Algorithms},
  booktitle = {Proceedings of the Sixth Annual {{ACM Symposium}} on {{Principles}} of Distributed Computing},
  publisher = {{ACM}},
  author = {Lynch, Nancy A. and Tuttle, Mark R.},
  year = {1987},
  pages = {137--151}
}

@inproceedings{blanchette_nitpick:_2010,
  title = {Nitpick: {{A}} Counterexample Generator for Higher-Order Logic Based on a Relational Model Finder},
  shorttitle = {Nitpick},
  booktitle = {International Conference on Interactive Theorem Proving},
  publisher = {{Springer}},
  author = {Blanchette, Jasmin Christian and Nipkow, Tobias},
  year = {2010},
  pages = {131--146}
}

@book{nipkow_isabelle/hol:_2002,
  title = {Isabelle/{{HOL}}: A Proof Assistant for Higher-Order Logic},
  volume = {2283},
  shorttitle = {Isabelle/{{HOL}}},
  publisher = {{Springer Science \& Business Media}},
  author = {Nipkow, Tobias and Paulson, Lawrence C. and Wenzel, Markus},
  year = {2002}
}

@article{howard_flexible_2016,
  title = {Flexible Paxos: {{Quorum}} Intersection Revisited},
  shorttitle = {Flexible Paxos},
  journal = {arXiv preprint arXiv:1608.06696},
  author = {Howard, Heidi and Malkhi, Dahlia and Spiegelman, Alexander},
  year = {2016}
}

@article{lamport_fast_2006,
  title = {Fast Paxos},
  volume = {19},
  number = {2},
  journal = {Distributed Computing},
  author = {Lamport, Leslie},
  year = {2006},
  pages = {79--103}
}

@inproceedings{lampson_abcds_2001,
  title = {The {{ABCD}}'s of {{Paxos}}},
  volume = {1},
  booktitle = {{{PODC}}},
  author = {Lampson, Butler},
  year = {2001},
  pages = {13}
}
@inproceedings{Chuby,
  author    = {Michael Burrows},
  title     = {The Chubby Lock Service for Loosely-Coupled Distributed Systems},
  booktitle = {7th Symposium on Operating Systems Design and Implementation {{OSDI} '06), November 6-8, Seattle, WA, {USA}}},
  pages     = {335--350},
  year      = {2006},
   publisher = {{USENIX} Association}
}

@inproceedings{konnov_short_2017,
  location = {{New York, NY, USA}},
  title = {A {{Short Counterexample Property}} for {{Safety}} and {{Liveness Verification}} of {{Fault}}-Tolerant {{Distributed Algorithms}}},
  isbn = {978-1-4503-4660-3},
  booktitle = {Proceedings of the 44th {{ACM SIGPLAN Symposium}} on {{Principles}} of {{Programming Languages}}},
  series = {POPL 2017},
  publisher = {{ACM}},
  author = {Konnov, Igor and Lazic, Marijana and Veith, Helmut and Widder, Josef},
  year = {2017},
  pages = {719--734},
  keywords = {Byzantine faults,fault- tolerant distributed algorithms,Parameterized model checking,reliable broadcast}
}

@inproceedings{konnov_smt_2015,
  title = {{{SMT}} and {{POR Beat Counter Abstraction}}: {{Parameterized Model Checking}} of {{Threshold}}-{{Based Distributed Algorithms}}},
  shorttitle = {{{SMT}} and {{POR Beat Counter Abstraction}}},
  eventtitle = {International Conference on Computer Aided Verification},
  langid = {english},
  booktitle = {Computer {{Aided Verification}}},
  publisher = {{Springer, Cham}},
  author = {Konnov, Igor and Veith, Helmut and Widder, Josef},
  year = {2015},
  pages = {85--102}
}

@inproceedings{gleissenthall_cardinalities_2016,
  location = {{New York, NY, USA}},
  title = {Cardinalities and {{Universal Quantifiers}} for {{Verifying Parameterized Systems}}},
  isbn = {978-1-4503-4261-2},
  booktitle = {Proceedings of the 37th {{ACM SIGPLAN Conference}} on {{Programming Language Design}} and {{Implementation}}},
  series = {PLDI '16},
  publisher = {{ACM}},
  author = {v. Gleissenthall, Klaus and Bj{\o}rner, Nikolaj and Rybalchenko, Andrey},
  year = {2016},
  pages = {599--613},
  keywords = {Cardinalities,concurrency,Distributed Systems,Parametric Systems,Verification}
}

@inproceedings{alberti_counting_2016,
  title = {Counting {{Constraints}} in {{Flat Array Fragments}}},
  eventtitle = {International Joint Conference on Automated Reasoning},
  langid = {english},
  booktitle = {Automated {{Reasoning}}},
  publisher = {{Springer, Cham}},
  author = {Alberti, Francesco and Ghilardi, Silvio and Pagani, Elena},
  year = {2016},
  pages = {65--81}
}

@article{lamport_temporal_1994,
  title = {The Temporal Logic of Actions},
  volume = {16},
  number = {3},
  journal = {ACM Transactions on Programming Languages and Systems (TOPLAS)},
  author = {Lamport, Leslie},
  year = {1994},
  pages = {872--923}
}

@book{vienna_book,
  author    = {Roderick Bloem and
               Swen Jacobs and
               Ayrat Khalimov and
               Igor Konnov and
               Sasha Rubin and
               Helmut Veith and
               Josef Widder},
  title     = {Decidability of Parameterized Verification},
  series    = {Synthesis Lectures on Distributed Computing Theory},
  publisher = {Morgan {\&} Claypool Publishers},
  year      = {2015},
  url       = {http://dx.doi.org/10.2200/S00658ED1V01Y201508DCT013},
  doi       = {10.2200/S00658ED1V01Y201508DCT013},
  timestamp = {Wed, 13 Jan 2016 17:27:11 +0100},
  biburl    = {http://dblp.uni-trier.de/rec/bib/series/synthesis/2015Bloem},
  bibsource = {dblp computer science bibliography, http://dblp.org}
}

@inproceedings{DBLP:conf/ershov/KonnovVW15,
  author    = {Igor V. Konnov and
               Helmut Veith and
               Josef Widder},
  title     = {What You Always Wanted to Know About Model Checking of Fault-Tolerant
               Distributed Algorithms},
  booktitle = {Perspectives of System Informatics - 10th International Andrei Ershov
               Informatics Conference, {PSI} 2015, in Memory of Helmut Veith, Kazan
               and Innopolis, Russia, August 24-27, 2015, Revised Selected Papers},
  pages     = {6--21},
  year      = {2015},
  crossref  = {DBLP:conf/ershov/2015},
  url       = {http://dx.doi.org/10.1007/978-3-319-41579-6_2},
  doi       = {10.1007/978-3-319-41579-6_2},
  timestamp = {Tue, 28 Jun 2016 13:52:34 +0200},
  biburl    = {http://dblp.uni-trier.de/rec/bib/conf/ershov/KonnovVW15},
  bibsource = {dblp computer science bibliography, http://dblp.org}
}

@proceedings{DBLP:conf/ershov/2015,
  editor    = {Manuel Mazzara and
               Andrei Voronkov},
  title     = {Perspectives of System Informatics - 10th International Andrei Ershov
               Informatics Conference, {PSI} 2015, in Memory of Helmut Veith, Kazan
               and Innopolis, Russia, August 24-27, 2015, Revised Selected Papers},
  series    = {Lecture Notes in Computer Science},
  volume    = {9609},
  publisher = {Springer},
  year      = {2016},
  url       = {http://dx.doi.org/10.1007/978-3-319-41579-6},
  doi       = {10.1007/978-3-319-41579-6},
  isbn      = {978-3-319-41578-9},
  timestamp = {Tue, 28 Jun 2016 13:48:14 +0200},
  biburl    = {http://dblp.uni-trier.de/rec/bib/conf/ershov/2015},
  bibsource = {dblp computer science bibliography, http://dblp.org}
}

@phdthesis{shachar_thesis,
  title={Automatic Reasoning for Pointer Programs Using Decidable Logics},
  author={Itzhaky, Shachar},
  year={2014},
  school={Tel Aviv University}
}

@inproceedings{ken_fmcad16,
  author    = {Kenneth L. McMillan},
  title     = {Modular specification and verification of a cache-coherent interface},
  booktitle = {2016 Formal Methods in Computer-Aided Design, {FMCAD} 2016, Mountain
               View, CA, USA, October 3-6, 2016},
  pages     = {109--116},
  year      = {2016},
  crossref  = {DBLP:conf/fmcad/2016},
  url       = {http://dx.doi.org/10.1109/FMCAD.2016.7886668},
  doi       = {10.1109/FMCAD.2016.7886668},
  timestamp = {Fri, 31 Mar 2017 11:40:06 +0200},
  biburl    = {http://dblp.uni-trier.de/rec/bib/conf/fmcad/McMillan16},
  bibsource = {dblp computer science bibliography, http://dblp.org}
}
@proceedings{DBLP:conf/fmcad/2016,
  editor    = {Ruzica Piskac and
               Muralidhar Talupur},
  title     = {2016 Formal Methods in Computer-Aided Design, {FMCAD} 2016, Mountain
               View, CA, USA, October 3-6, 2016},
  publisher = {{IEEE}},
  year      = {2016},
  url       = {http://ieeexplore.ieee.org/xpl/mostRecentIssue.jsp?punumber=7879555},
  isbn      = {978-0-9835678-6-8},
  timestamp = {Fri, 31 Mar 2017 11:38:24 +0200},
  biburl    = {http://dblp.uni-trier.de/rec/bib/conf/fmcad/2016},
  bibsource = {dblp computer science bibliography, http://dblp.org}
}

@inproceedings{DBLP:conf/pldi/SergeyNB15,
  author    = {Ilya Sergey and
               Aleksandar Nanevski and
               Anindya Banerjee},
  title     = {Mechanized verification of fine-grained concurrent programs},
  booktitle = {Proceedings of the 36th {ACM} {SIGPLAN} Conference on Programming
               Language Design and Implementation, Portland, OR, USA, June 15-17,
               2015},
  pages     = {77--87},
  year      = {2015},
  crossref  = {DBLP:conf/pldi/2015},
  url       = {http://doi.acm.org/10.1145/2737924.2737964},
  doi       = {10.1145/2737924.2737964},
  timestamp = {Fri, 05 Jun 2015 07:31:54 +0200},
  biburl    = {http://dblp.uni-trier.de/rec/bib/conf/pldi/SergeyNB15},
  bibsource = {dblp computer science bibliography, http://dblp.org}
}
@proceedings{DBLP:conf/pldi/2015,
  editor    = {David Grove and
               Steve Blackburn},
  title     = {Proceedings of the 36th {ACM} {SIGPLAN} Conference on Programming
               Language Design and Implementation, Portland, OR, USA, June 15-17,
               2015},
  publisher = {{ACM}},
  year      = {2015},
  url       = {http://dl.acm.org/citation.cfm?id=2737924},
  isbn      = {978-1-4503-3468-6},
  timestamp = {Fri, 05 Jun 2015 07:23:07 +0200},
  biburl    = {http://dblp.uni-trier.de/rec/bib/conf/pldi/2015},
  bibsource = {dblp computer science bibliography, http://dblp.org}
}

@inproceedings{schiper_developing_2014,
  title = {developing {{correctly replicated databases using formal tools}}},
  booktitle = {2014 44th {{annual ieee}}/{{ifip international conference}} on {{dependable systems}} and {{networks}}},
  author = {Schiper, N. and Rahli, V. and Renesse, R. V. and Bickford, M. and Constable, R. L.},
  year = {2014},
  pages = {395--406}
}

@article{rahli_15th_2015,
  title = {15th {{international workshop}} on {{automated verification}} of {{critical systems}} ({{avocs}} 2015)},
  volume = {72},
  journal = {electronic communications of the easst},
  author = {Rahli, Vincent and Guaspari, David and Bickford, Mark and Constable, Robert L.},
  year = {2015}
}

@inproceedings{fscq,
  author    = {Haogang Chen and
               Daniel Ziegler and
               Tej Chajed and
               Adam Chlipala and
               M. Frans Kaashoek and
               Nickolai Zeldovich},
  title     = {Using Crash Hoare Logic for Certifying the {FSCQ} File System},
  booktitle = {2016 {USENIX} Annual Technical Conference, {USENIX} {ATC} 2016, Denver,
               CO, USA, June 22-24, 2016.},
  year      = {2016}
}

@article{amazon,
  title={How {Amazon} web services uses formal methods},
  author={Newcombe, Chris and Rath, Tim and Zhang, Fan and Munteanu, Bogdan and Brooker, Marc and Deardeuff, Michael},
  journal={Communications of the ACM},
  volume={58},
  number={4},
  pages={66--73},
  year={2015},
  publisher={ACM}
}

@inproceedings{tlc,
  author    = {Yuan Yu and
               Panagiotis Manolios and
               Leslie Lamport},
  title     = {Model Checking TLA\({}^{\mbox{+}}\) Specifications},
  booktitle = {Correct Hardware Design and Verification Methods, 10th {IFIP} {WG}
               10.5 Advanced Research Working Conference, {CHARME} '99, Bad Herrenalb,
               Germany, September 27-29, 1999, Proceedings},
  pages     = {54--66},
  year      = {1999},
  crossref  = {DBLP:conf/charme/1999},
  url       = {http://dx.doi.org/10.1007/3-540-48153-2_6},
  doi       = {10.1007/3-540-48153-2_6},
  timestamp = {Mon, 20 Jun 2011 17:28:12 +0200},
  biburl    = {http://dblp.uni-trier.de/rec/bib/conf/charme/YuML99},
  bibsource = {dblp computer science bibliography, http://dblp.org}
}
@proceedings{DBLP:conf/charme/1999,
  editor    = {Laurence Pierre and
               Thomas Kropf},
  title     = {Correct Hardware Design and Verification Methods, 10th {IFIP} {WG}
               10.5 Advanced Research Working Conference, {CHARME} '99, Bad Herrenalb,
               Germany, September 27-29, 1999, Proceedings},
  series    = {Lecture Notes in Computer Science},
  volume    = {1703},
  publisher = {Springer},
  year      = {1999},
  isbn      = {3-540-66559-5},
  timestamp = {Thu, 05 Jun 2003 14:45:23 +0200},
  biburl    = {http://dblp.uni-trier.de/rec/bib/conf/charme/1999},
  bibsource = {dblp computer science bibliography, http://dblp.org}
}

@article{vampire,
 author = {Riazanov, Alexandre and Voronkov, Andrei},
 title = {The Design and Implementation of VAMPIRE},
 journal = {AI Commun.},
 issue_date = {August 2002},
 volume = {15},
 number = {2,3},
 month = aug,
 year = {2002},
 issn = {0921-7126},
 pages = {91--110},
 numpages = {20},
 url = {http://dl.acm.org/citation.cfm?id=1218615.1218620},
 acmid = {1218620},
 publisher = {IOS Press},
 address = {Amsterdam, The Netherlands, The Netherlands},
 keywords = {Resolution theorem proving, VAMPIRE},
}
@inproceedings{spass,
  author    = {Christoph Weidenbach and
               Dilyana Dimova and
               Arnaud Fietzke and
               Rohit Kumar and
               Martin Suda and
               Patrick Wischnewski},
  title     = {{SPASS} Version 3.5},
  booktitle = {Automated Deduction - CADE-22, 22nd International Conference on Automated
               Deduction, Montreal, Canada, August 2-7, 2009. Proceedings},
  pages     = {140--145},
  year      = {2009}
  }

@techreport{lamport_stoppable_2008,
  title = {Stoppable Paxos},
  institution = {TechReport, Microsoft Research},
  author = {Lamport, Leslie and Malkhi, Dahlia and Zhou, Lidong},
  year = {2008},
  url = {https://www.microsoft.com/en-us/research/publication/stoppable-paxos/}
}

@article{lamport_reconfiguring_2010,
  title = {Reconfiguring a {{State Machine}}},
  volume = {41},
  number = {1},
  journal = {SIGACT News},
  author = {Lamport, Leslie and Malkhi, Dahlia and Zhou, Lidong},
  year = {2010},
  month = {03},
  pages = {63--73}
}



@inproceedings{birman_virtually_2010,
  author    = {Ken Birman},
  title     = {A History of the Virtual Synchrony Replication Model},
  booktitle = {Replication: Theory and Practice},
  pages     = {91--120},
  year      = {2010},
  crossref  = {DBLP:conf/replication/2010},
  url       = {https://doi.org/10.1007/978-3-642-11294-2_6},
  doi       = {10.1007/978-3-642-11294-2_6},
  timestamp = {Fri, 26 May 2017 00:49:45 +0200},
  biburl    = {http://dblp.uni-trier.de/rec/bib/conf/replication/Birman10},
  bibsource = {dblp computer science bibliography, http://dblp.org}
}
@proceedings{DBLP:conf/replication/2010,
  editor    = {Bernadette Charron{-}Bost and
               Fernando Pedone and
               Andr{\'{e}} Schiper},
  title     = {Replication: Theory and Practice},
  series    = {Lecture Notes in Computer Science},
  volume    = {5959},
  publisher = {Springer},
  year      = {2010},
  url       = {https://doi.org/10.1007/978-3-642-11294-2},
  doi       = {10.1007/978-3-642-11294-2},
  isbn      = {978-3-642-11293-5},
  timestamp = {Fri, 26 May 2017 00:49:45 +0200},
  biburl    = {http://dblp.uni-trier.de/rec/bib/conf/replication/2010},
  bibsource = {dblp computer science bibliography, http://dblp.org}
}

@article{chockler_group_2001,
  author    = {Gregory V. Chockler and
               Idit Keidar and
               Roman Vitenberg},
  title     = {Group communication specifications: a comprehensive study},
  journal   = {{ACM} Comput. Surv.},
  volume    = {33},
  number    = {4},
  pages     = {427--469},
  year      = {2001},
  url       = {http://doi.acm.org/10.1145/503112.503113},
  doi       = {10.1145/503112.503113},
  timestamp = {Mon, 14 Mar 2016 19:27:04 +0100},
  biburl    = {http://dblp.uni-trier.de/rec/bib/journals/csur/ChocklerKV01},
  bibsource = {dblp computer science bibliography, http://dblp.org}
}

@article{oopsla17-epr,
 author = {Padon, Oded and Losa, Giuliano and Sagiv, Mooly and Shoham, Sharon},
 title = {Paxos Made EPR: Decidable Reasoning About Distributed Protocols},
 journal = {Proc. ACM Program. Lang.},
 issue_date = {October 2017},
 volume = {1},
 number = {OOPSLA},
 month = oct,
 year = {2017},
 issn = {2475-1421},
 pages = {108:1--108:31},
 articleno = {108},
 numpages = {31},
 url = {http://doi.acm.org/10.1145/3140568},
 doi = {10.1145/3140568},
 acmid = {3140568},
 publisher = {ACM},
 address = {New York, NY, USA},
 keywords = {Paxos, deductive verification, distributed systems, effectively propositional logic, inductive invariants, safety verification},
}

@techreport{oopsla17-epr-tr,
  author    = {Oded Padon and Giuliano Losa and Mooly Sagiv and Sharon Shoham},
  title     = {Paxos made {EPR}: Decidable Reasoning about Distributed Protocols},
  year      = {2017},
}

@inproceedings{tacas17-bh,
  author    = {Yotam M. Y. Feldman and
               Oded Padon and
               Neil Immerman and
               Mooly Sagiv and
               Sharon Shoham},
  title     = {Bounded Quantifier Instantiation for Checking Inductive Invariants},
  booktitle = {Tools and Algorithms for the Construction and Analysis of Systems
               - 23rd International Conference, {TACAS} 2017, Held as Part of the
               European Joint Conferences on Theory and Practice of Software, {ETAPS}
               2017, Uppsala, Sweden, April 22-29, 2017, Proceedings, Part {I}},
  pages     = {76--95},
  year      = {2017},
  crossref  = {DBLP:conf/tacas/2017-1},
  url       = {https://doi.org/10.1007/978-3-662-54577-5_5},
  doi       = {10.1007/978-3-662-54577-5_5},
  timestamp = {Wed, 24 May 2017 08:28:32 +0200},
  biburl    = {http://dblp2.uni-trier.de/rec/bib/conf/tacas/FeldmanPISS17},
  bibsource = {dblp computer science bibliography, http://dblp.org}
}
@proceedings{DBLP:conf/tacas/2017-1,
  editor    = {Axel Legay and
               Tiziana Margaria},
  title     = {Tools and Algorithms for the Construction and Analysis of Systems
               - 23rd International Conference, {TACAS} 2017, Held as Part of the
               European Joint Conferences on Theory and Practice of Software, {ETAPS}
               2017, Uppsala, Sweden, April 22-29, 2017, Proceedings, Part {I}},
  series    = {Lecture Notes in Computer Science},
  volume    = {10205},
  year      = {2017},
  url       = {https://doi.org/10.1007/978-3-662-54577-5},
  doi       = {10.1007/978-3-662-54577-5},
  isbn      = {978-3-662-54576-8},
  timestamp = {Wed, 24 May 2017 08:28:32 +0200},
  biburl    = {http://dblp2.uni-trier.de/rec/bib/conf/tacas/2017-1},
  bibsource = {dblp computer science bibliography, http://dblp.org}
}

@inproceedings{MSB17,
  author    = {Ognjen Maric and
               Christoph Sprenger and
               David A. Basin},
  title     = {Cutoff Bounds for Consensus Algorithms},
  booktitle = {Computer Aided Verification - 29th International Conference, {CAV}
               2017, Heidelberg, Germany, July 24-28, 2017, Proceedings, Part {II}},
  pages     = {217--237},
  year      = {2017},
  crossref  = {DBLP:conf/cav/2017-2},
  url       = {https://doi.org/10.1007/978-3-319-63390-9_12},
  doi       = {10.1007/978-3-319-63390-9_12},
  timestamp = {Fri, 14 Jul 2017 13:10:55 +0200},
  biburl    = {http://dblp.dagstuhl.de/rec/bib/conf/cav/MaricSB17},
  bibsource = {dblp computer science bibliography, http://dblp.org}
}
@proceedings{DBLP:conf/cav/2017-2,
  editor    = {Rupak Majumdar and
               Viktor Kuncak},
  title     = {Computer Aided Verification - 29th International Conference, {CAV}
               2017, Heidelberg, Germany, July 24-28, 2017, Proceedings, Part {II}},
  series    = {Lecture Notes in Computer Science},
  volume    = {10427},
  publisher = {Springer},
  year      = {2017},
  url       = {https://doi.org/10.1007/978-3-319-63390-9},
  doi       = {10.1007/978-3-319-63390-9},
  isbn      = {978-3-319-63389-3},
  timestamp = {Fri, 14 Jul 2017 13:04:29 +0200},
  biburl    = {http://dblp.dagstuhl.de/rec/bib/conf/cav/2017-2},
  bibsource = {dblp computer science bibliography, http://dblp.org}
}
@misc{etcd,
  key = {CoreOS},
  title = {etcd: A highly-available key value store for shared configuration and service discovery},
  year = {2014},
  note = {{\smaller\url{https://github.com/coreos/etcd}}}
}

@inproceedings{BradleyManna,
  author    = {Aaron R. Bradley and
               Zohar Manna and
               Henny B. Sipma},
  title     = {What's Decidable About Arrays?},
  booktitle = {Verification, Model Checking, and Abstract Interpretation, 7th International
               Conference, {VMCAI} 2006, Charleston, SC, USA, January 8-10, 2006,
               Proceedings},
  pages     = {427--442},
  year      = {2006},
  url       = {https://doi.org/10.1007/11609773_28},
  doi       = {10.1007/11609773_28},
  timestamp = {Tue, 30 May 2017 16:36:53 +0200},
  biburl    = {http://dblp.org/rec/bib/conf/vmcai/BradleyMS06},
  bibsource = {dblp computer science bibliography, http://dblp.org}
}

@article{DBLP:journals/pacmpl/BakstGKJ17,
  author    = {Alexander Bakst and
               Klaus von Gleissenthall and
               Rami G{\"{o}}khan Kici and
               Ranjit Jhala},
  title     = {Verifying distributed programs via canonical sequentialization},
  journal   = {{PACMPL}},
  volume    = {1},
  number    = {{OOPSLA}},
  pages     = {110:1--110:27},
  year      = {2017},
  url       = {http://doi.acm.org/10.1145/3133934},
  doi       = {10.1145/3133934},
  timestamp = {Fri, 27 Oct 2017 16:17:20 +0200},
  biburl    = {http://dblp.org/rec/bib/journals/pacmpl/BakstGKJ17},
  bibsource = {dblp computer science bibliography, http://dblp.org}
}

@MISC{ISO26262,
  author = {ISO TC22/SC3/WG16},
  month = {november},
  year = {2011},
  publisher = {International Organization for Standardization / Technical Committee 22 (ISO/TC 22)},
  title = {ISO 26262 - Road vehicles --- Functional safety},
}

@inproceedings{DBLP:conf/sosp/NelsonSZJBTW17,
  author    = {Luke Nelson and
               Helgi Sigurbjarnarson and
               Kaiyuan Zhang and
               Dylan Johnson and
               James Bornholt and
               Emina Torlak and
               Xi Wang},
  title     = {Hyperkernel: Push-Button Verification of an {OS} Kernel},
  booktitle = {Proceedings of the 26th Symposium on Operating Systems Principles,
               Shanghai, China, October 28-31, 2017},
  pages     = {252--269},
  year      = {2017}
 }

@inproceedings{DBLP:conf/sosp/ChenCKWICKZ17,
  author    = {Haogang Chen and
               Tej Chajed and
               Alex Konradi and
               Stephanie Wang and
               Atalay Ileri and
               Adam Chlipala and
               M. Frans Kaashoek and
               Nickolai Zeldovich},
  title     = {Verifying a high-performance crash-safe file system using a tree specification},
  booktitle = {Proceedings of the 26th Symposium on Operating Systems Principles,
               Shanghai, China, October 28-31, 2017},
  pages     = {270--286},
  year      = {2017}
}

@inproceedings{DBLP:conf/sosp/FerraiuoloBHP17,
  author    = {Andrew Ferraiuolo and
               Andrew Baumann and
               Chris Hawblitzel and
               Bryan Parno},
  title     = {Komodo: Using verification to disentangle secure-enclave hardware
               from software},
  booktitle = {Proceedings of the 26th Symposium on Operating Systems Principles,
               Shanghai, China, October 28-31, 2017},
  pages     = {287--305},
  year      = {2017}
 }




@inproceedings{VerdiCPP,
  author    = {Doug Woos and
               James R. Wilcox and
               Steve Anton and
               Zachary Tatlock and
               Michael D. Ernst and
               Thomas E. Anderson},
  title     = {Planning for change in a formal verification of the raft consensus
               protocol},
  booktitle = {Proceedings of the 5th {ACM} {SIGPLAN} Conference on Certified Programs
               and Proofs, Saint Petersburg, FL, USA, January 20-22, 2016},
  pages     = {154--165},
  year      = {2016},
  crossref  = {DBLP:conf/cpp/2016},
  url       = {http://doi.acm.org/10.1145/2854065.2854081},
  doi       = {10.1145/2854065.2854081},
  timestamp = {Mon, 18 Jan 2016 19:37:27 +0100},
  biburl    = {http://dblp.org/rec/bib/conf/cpp/WoosWATEA16},
  bibsource = {dblp computer science bibliography, http://dblp.org}
}

@proceedings{DBLP:conf/cpp/2016,
  editor    = {Jeremy Avigad and
               Adam Chlipala},
  title     = {Proceedings of the 5th {ACM} {SIGPLAN} Conference on Certified Programs
               and Proofs, Saint Petersburg, FL, USA, January 20-22, 2016},
  publisher = {{ACM}},
  year      = {2016},
  url       = {http://dl.acm.org/citation.cfm?id=2854065},
  isbn      = {978-1-4503-4127-1},
  timestamp = {Mon, 18 Jan 2016 19:35:36 +0100},
  biburl    = {http://dblp.org/rec/bib/conf/cpp/2016},
  bibsource = {dblp computer science bibliography, http://dblp.org}
}

@article{SMR,
  title = {Implementing Fault-Tolerant Services Using the State Machine Approach: {{A}} Tutorial},
  volume = {22},
  shorttitle = {Implementing Fault-Tolerant Services Using the State Machine Approach},
  number = {4},
  journal = {ACM Computing Surveys (CSUR)},
  author = {Schneider, Fred B.},
  year = {1990},
  pages = {299--319}
}

@article{Apt,
 author = {Apt, Krzysztof R.},
 title = {Ten Years of Hoare's Logic: A Survey --- Part I},
 journal = {ACM Trans. Program. Lang. Syst.},
 issue_date = {Oct. 1981},
 volume = {3},
 number = {4},
 month = oct,
 year = {1981},
 issn = {0164-0925},
 pages = {431--483},
 numpages = {53},
 url = {http://doi.acm.org/10.1145/357146.357150},
 doi = {10.1145/357146.357150},
 acmid = {357150},
 publisher = {ACM},
 address = {New York, NY, USA},
}

@article{Lipton,
author = {R. J. Lipton},
title = {Reduction: A method of proving properties of parallel programs.},
journal = {Communications of the ACM},
volume = {18},
number = {12},
pages = {717-–721},
year = 1975,
}

@phdthesis{ongaro:phd,
  author = {Diego Ongaro},
  title = {Consensus: Bridging Theory and Practice},
  school = {Stanford University},
  year = 2014,
  month = aug,
}

@inproceedings{ESC,
 author = {Flanagan, Cormac and Leino, K. Rustan M. and Lillibridge, Mark and Nelson, Greg and Saxe, James B. and Stata, Raymie},
 title = {Extended Static Checking for Java},
 booktitle = {Proceedings of the ACM SIGPLAN 2002 Conference on Programming Language Design and Implementation},
 series = {PLDI '02},
 year = {2002},
 isbn = {1-58113-463-0},
 location = {Berlin, Germany},
 pages = {234--245},
 numpages = {12},
 url = {http://doi.acm.org/10.1145/512529.512558},
 doi = {10.1145/512529.512558},
 acmid = {512558},
 publisher = {ACM}
 }

@inproceedings{sally,
author="Dutertre, Bruno
and Jovanovi{\'{c}}, Dejan
and Navas, Jorge A.",
editor="Dutle, Aaron
and Mu{\~{n}}oz, C{\'e}sar
and Narkawicz, Anthony",
title="Verification of Fault-Tolerant Protocols with Sally",
booktitle="NASA Formal Methods",
year="2018",
publisher="Springer International Publishing",
address="Cham",
pages="113--120",
abstract="Sally is a model checker for infinite-state systems that implements several verification algorithms, including a variant of IC3/PDR called Property-Directed K-induction. We present an application of Sally to automated verification of fault-tolerant distributed algorithms.",
isbn="978-3-319-77935-5"
}

@article{disel,
  author    = {Ilya Sergey and
               James R. Wilcox and
               Zachary Tatlock},
  title     = {Programming and proving with distributed protocols},
  journal   = {{PACMPL}},
  volume    = {2},
  number    = {{POPL}},
  pages     = {28:1--28:30},
  year      = {2018},
}

@inproceedings{paxos_destructed_abstracted,
  author    = {{\'{A}}lvaro Garc{\'{\i}}a{-}P{\'{e}}rez and
               Alexey Gotsman and
               Yuri Meshman and
               Ilya Sergey},
  title     = {Paxos Consensus, Deconstructed and Abstracted},
  year      = {2018},
  booktitle = {Programming Languages and Systems - 27th European Symposium on Programming,
               {ESOP} 2018, Held as Part of the European Joint Conferences on Theory
               and Practice of Software, {ETAPS} 2018, Thessaloniki, Greece, April 14-20,
               2018, Proceedings},
}

@inproceedings{VCC,
  author    = {Ernie Cohen and
               Markus Dahlweid and
               Mark A. Hillebrand and
               Dirk Leinenbach and
               Michal Moskal and
               Thomas Santen and
               Wolfram Schulte and
               Stephan Tobies},
  title     = {{VCC:} {A} Practical System for Verifying Concurrent {C}},
  booktitle = {Theorem Proving in Higher Order Logics, 22nd International Conference,
               TPHOLs 2009, Munich, Germany, August 17-20, 2009. Proceedings},
  pages     = {23--42},
  year      = {2009},
  crossref  = {DBLP:conf/tphol/2009},
  url       = {https://doi.org/10.1007/978-3-642-03359-9_2},
  doi       = {10.1007/978-3-642-03359-9_2},
  timestamp = {Tue, 23 May 2017 01:12:08 +0200},
  biburl    = {https://dblp.org/rec/bib/conf/tphol/CohenDHLMSST09},
  bibsource = {dblp computer science bibliography, https://dblp.org}
}
@proceedings{DBLP:conf/tphol/2009,
  editor    = {Stefan Berghofer and
               Tobias Nipkow and
               Christian Urban and
               Makarius Wenzel},
  title     = {Theorem Proving in Higher Order Logics, 22nd International Conference,
               TPHOLs 2009, Munich, Germany, August 17-20, 2009. Proceedings},
  series    = {Lecture Notes in Computer Science},
  volume    = {5674},
  publisher = {Springer},
  year      = {2009},
  url       = {https://doi.org/10.1007/978-3-642-03359-9},
  doi       = {10.1007/978-3-642-03359-9},
  isbn      = {978-3-642-03358-2},
  timestamp = {Tue, 23 May 2017 01:12:08 +0200},
  biburl    = {https://dblp.org/rec/bib/conf/tphol/2009},
  bibsource = {dblp computer science bibliography, https://dblp.org}
}

